<?xml version="1.0" encoding="UTF-8"?>
<!DOCTYPE html PUBLIC "-//W3C//DTD XHTML 1.0 Transitional//EN"
    "http://www.w3.org/TR/xhtml1/DTD/xhtml1-transitional.dtd">
<html xmlns="http://www.w3.org/1999/xhtml" xml:lang="en" lang="en">
 <head>
  <title>
</title>
<meta http-equiv="Content-Type" content="text/html;charset=utf-8" />
  <meta name='ocr-system' content='tesseract 3.04.00' />
  <meta name='ocr-capabilities' content='ocr_page ocr_carea ocr_par ocr_line ocrx_word'/>
</head>
<body>
  <div class='ocr_page' id='page_1' title='image "./specimenjuridic00unkngoog_0107.png"; bbox 0 0 2828 4964; ppageno 0'>
   <div class='ocr_carea' id='block_1_1' title="bbox 334 325 1061 409">
    <p class='ocr_par' dir='ltr' id='par_1_1' title="bbox 334 325 1061 409">
     <span class='ocr_line' id='line_1_1' title="bbox 334 325 1061 409; baseline -0.003 -2"><span class='ocrx_word' id='word_1_1' title='bbox 334 328 381 407; x_wconf 76' lang='lat'><strong>86</strong></span> <span class='ocrx_word' id='word_1_2' title='bbox 547 326 778 407; x_wconf 74' lang='lat' dir='ltr'>SPECIMEN</span> <span class='ocrx_word' id='word_1_3' title='bbox 800 325 1061 409; x_wconf 78' lang='lat' dir='ltr'><strong>mumlcttrt</strong></span> 
     </span>
    </p>
   </div>
   <div class='ocr_carea' id='block_1_2' title="bbox 326 532 1286 906">
    <p class='ocr_par' dir='ltr' id='par_1_2' title="bbox 326 532 1286 906">
     <span class='ocr_line' id='line_1_2' title="bbox 326 532 1286 636; baseline -0.002 -28"><span class='ocrx_word' id='word_1_4' title='bbox 326 532 535 636; x_wconf 66' lang='lat' dir='ltr'><strong>prindpium</strong></span> <span class='ocrx_word' id='word_1_5' title='bbox 566 535 759 608; x_wconf 80' lang='lat' dir='ltr'><strong>exsisteret:</strong></span> <span class='ocrx_word' id='word_1_6' title='bbox 799 556 872 607; x_wconf 81' lang='lat' dir='ltr'><strong>non</strong></span> <span class='ocrx_word' id='word_1_7' title='bbox 900 536 973 606; x_wconf 72' lang='lat' dir='ltr'><strong>nisi</strong></span> <span class='ocrx_word' id='word_1_8' title='bbox 1001 532 1134 606; x_wconf 83' lang='lat' dir='ltr'><strong>damni</strong></span> <span class='ocrx_word' id='word_1_9' title='bbox 1163 555 1286 629; x_wconf 51' lang='lat' dir='ltr'><strong>repa*</strong></span> 
     </span>
     <span class='ocr_line' id='line_1_3' title="bbox 333 674 1283 760; baseline 0.003 -15"><span class='ocrx_word' id='word_1_10' title='bbox 333 675 514 745; x_wconf 80' lang='lat' dir='ltr'><strong>rationem</strong></span> <span class='ocrx_word' id='word_1_11' title='bbox 541 676 594 744; x_wconf 84' lang='lat' dir='ltr'><strong>ad</strong></span> <span class='ocrx_word' id='word_1_12' title='bbox 617 674 778 760; x_wconf 76' lang='lat' dir='ltr'><strong>laesum,</strong></span> <span class='ocrx_word' id='word_1_13' title='bbox 801 676 855 744; x_wconf 80' lang='lat' dir='ltr'><strong>ad</strong></span> <span class='ocrx_word' id='word_1_14' title='bbox 880 675 1070 748; x_wconf 83' lang='lat' dir='ltr'><strong>civitatem</strong></span> <span class='ocrx_word' id='word_1_15' title='bbox 1092 696 1179 746; x_wconf 74' lang='lat' dir='ltr'><strong>vero</strong></span> <span class='ocrx_word' id='word_1_16' title='bbox 1198 698 1283 748; x_wconf 85' lang='lat' dir='ltr'><strong>om-</strong></span> 
     </span>
     <span class='ocr_line' id='line_1_4' title="bbox 331 811 907 906; baseline -0.014 -21"><span class='ocrx_word' id='word_1_17' title='bbox 331 835 415 885; x_wconf 80' lang='lat' dir='ltr'><strong>roem</strong></span> <span class='ocrx_word' id='word_1_18' title='bbox 432 835 593 906; x_wconf 79' lang='lat' dir='ltr'><strong>poenam</strong></span> <span class='ocrx_word' id='word_1_19' title='bbox 608 811 815 906; x_wconf 78' lang='lat' dir='ltr'><strong>pertinere.</strong></span> <span class='ocrx_word' id='word_1_20' title='bbox 898 814 907 845; x_wconf 83' lang='lat'><strong><em>¹</em></strong></span> 
     </span>
    </p>
   </div>
   <div class='ocr_carea' id='block_1_3' title="bbox 747 1088 862 1187">
    <p class='ocr_par' dir='ltr' id='par_1_3' title="bbox 747 1088 862 1187">
     <span class='ocr_line' id='line_1_5' title="bbox 747 1088 862 1187; baseline 0.043 -26"><span class='ocrx_word' id='word_1_21' title='bbox 747 1089 779 1187; x_wconf 64' lang='grc' dir='ltr'><strong>ς.</strong></span> <span class='ocrx_word' id='word_1_22' title='bbox 825 1088 862 1166; x_wconf 83' lang='lat'><strong>5.</strong></span> 
     </span>
    </p>
   </div>
   <div class='ocr_carea' id='block_1_4' title="bbox 428 1367 1191 1729">
    <p class='ocr_par' dir='ltr' id='par_1_4' title="bbox 428 1367 1191 1729">
     <span class='ocr_line' id='line_1_6' title="bbox 428 1367 1181 1441; baseline 0.001 -2"><span class='ocrx_word' id='word_1_23' title='bbox 428 1368 488 1439; x_wconf 81' lang='lat' dir='ltr'><strong>De</strong></span> <span class='ocrx_word' id='word_1_24' title='bbox 525 1368 789 1441; x_wconf 79' lang='lat' dir='ltr'><strong>Jurisdictione</strong></span> <span class='ocrx_word' id='word_1_25' title='bbox 825 1368 1014 1439; x_wconf 77' lang='lat' dir='ltr'><strong>criminali</strong></span> <span class='ocrx_word' id='word_1_26' title='bbox 1058 1367 1181 1440; x_wconf 81' lang='lat' dir='ltr'><strong>rraedia</strong></span> 
     </span>
     <span class='ocr_line' id='line_1_7' title="bbox 475 1508 1136 1602; baseline -0.003 -22"><span class='ocrx_word' id='word_1_27' title='bbox 475 1521 622 1597; x_wconf 78' lang='lat' dir='ltr'><strong>aetate,</strong></span> <span class='ocrx_word' id='word_1_28' title='bbox 655 1521 691 1577; x_wconf 84' lang='lat' dir='ltr'><strong>et</strong></span> <span class='ocrx_word' id='word_1_29' title='bbox 710 1509 883 1600; x_wconf 80' lang='lat' dir='ltr'><strong>primum</strong></span> <span class='ocrx_word' id='word_1_30' title='bbox 909 1508 1060 1602; x_wconf 81' lang='lat' dir='ltr'><strong>quidem</strong></span> <span class='ocrx_word' id='word_1_31' title='bbox 1087 1508 1136 1578; x_wconf 78' lang='lat' dir='ltr'><strong>de</strong></span> 
     </span>
     <span class='ocr_line' id='line_1_8' title="bbox 573 1644 1191 1729; baseline -0.01 -9"><span class='ocrx_word' id='word_1_32' title='bbox 573 1646 733 1720; x_wconf 64' lang='lat' dir='ltr'><strong>Iudiciis</strong></span> <span class='ocrx_word' id='word_1_33' title='bbox 769 1644 1035 1724; x_wconf 70' lang='lat' dir='ltr'><strong>criminatam.</strong></span> <span class='ocrx_word' id='word_1_34' title='bbox 1186 1724 1191 1729; x_wconf 29' lang='lat'><strong><em>¹</em></strong></span> 
     </span>
    </p>
   </div>
   <div class='ocr_carea' id='block_1_5' title="bbox 328 1920 1303 3549">
    <p class='ocr_par' dir='ltr' id='par_1_5' title="bbox 328 1920 1303 3549">
     <span class='ocr_line' id='line_1_9' title="bbox 379 1920 1276 2024; baseline -0.003 -28"><span class='ocrx_word' id='word_1_35' title='bbox 379 1921 596 2022; x_wconf 83' lang='lat' dir='ltr'><strong>Disputatum</strong></span> <span class='ocrx_word' id='word_1_36' title='bbox 638 1920 813 2024; x_wconf 86' lang='lat' dir='ltr'><strong>hueusque</strong></span> <span class='ocrx_word' id='word_1_37' title='bbox 855 1926 921 2000; x_wconf 84' lang='lat' dir='ltr'><strong>fuit</strong></span> <span class='ocrx_word' id='word_1_38' title='bbox 953 1922 995 2001; x_wconf 83' lang='lat' dir='ltr'><strong>‹le</strong></span> <span class='ocrx_word' id='word_1_39' title='bbox 1020 1923 1114 1999; x_wconf 79' lang='lat' dir='ltr'><strong>factis</strong></span> <span class='ocrx_word' id='word_1_40' title='bbox 1126 1970 1140 2014; x_wconf 88' lang='lat'><strong>,</strong></span> <span class='ocrx_word' id='word_1_41' title='bbox 1183 1947 1276 2024; x_wconf 84' lang='lat' dir='ltr'><strong>quae</strong></span> 
     </span>
     <span class='ocr_line' id='line_1_10' title="bbox 331 2060 1279 2165; baseline 0.001 -31"><span class='ocrx_word' id='word_1_42' title='bbox 331 2073 492 2165; x_wconf 81' lang='lat' dir='ltr'><strong>tanquam</strong></span> <span class='ocrx_word' id='word_1_43' title='bbox 518 2060 640 2137; x_wconf 85' lang='lat' dir='ltr'><strong>delicta</strong></span> <span class='ocrx_word' id='word_1_44' title='bbox 662 2061 795 2164; x_wconf 85' lang='lat' dir='ltr'><strong>legibus</strong></span> <span class='ocrx_word' id='word_1_45' title='bbox 819 2065 1027 2154; x_wconf 74' lang='lat' dir='ltr'><strong>animentur,</strong></span> <span class='ocrx_word' id='word_1_46' title='bbox 1057 2073 1092 2137; x_wconf 89' lang='lat' dir='ltr'><strong>et</strong></span> <span class='ocrx_word' id='word_1_47' title='bbox 1118 2060 1163 2136; x_wconf 86' lang='lat' dir='ltr'><strong>de</strong></span> <span class='ocrx_word' id='word_1_48' title='bbox 1181 2087 1279 2162; x_wconf 87' lang='lat' dir='ltr'><strong>poe·</strong></span> 
     </span>
     <span class='ocr_line' id='line_1_11' title="bbox 332 2199 1274 2303; baseline -0.001 -28"><span class='ocrx_word' id='word_1_49' title='bbox 332 2201 406 2292; x_wconf 85' lang='lat' dir='ltr'><strong>nis,</strong></span> <span class='ocrx_word' id='word_1_50' title='bbox 441 2227 528 2303; x_wconf 88' lang='lat' dir='ltr'><strong>quae</strong></span> <span class='ocrx_word' id='word_1_51' title='bbox 553 2202 589 2275; x_wconf 88' lang='lat' dir='ltr'><strong>in</strong></span> <span class='ocrx_word' id='word_1_52' title='bbox 620 2200 677 2276; x_wconf 87' lang='lat' dir='ltr'><strong>illa</strong></span> <span class='ocrx_word' id='word_1_53' title='bbox 703 2202 787 2275; x_wconf 85' lang='lat' dir='ltr'><strong>facta</strong></span> <span class='ocrx_word' id='word_1_54' title='bbox 818 2200 951 2302; x_wconf 79' lang='lat' dir='ltr'><strong>legibus</strong></span> <span class='ocrx_word' id='word_1_55' title='bbox 973 2199 1274 2276; x_wconf 76' lang='lat' dir='ltr'><strong>constituebantur.</strong></span> 
     </span>
     <span class='ocr_line' id='line_1_12' title="bbox 333 2330 1303 2438; baseline -0.002 -24"><span class='ocrx_word' id='word_1_56' title='bbox 333 2330 434 2415; x_wconf 52' lang='lat' dir='ltr'><strong>Curn&#39;</strong></span> <span class='ocrx_word' id='word_1_57' title='bbox 459 2353 570 2414; x_wconf 87' lang='lat' dir='ltr'><strong>autem</strong></span> <span class='ocrx_word' id='word_1_58' title='bbox 608 2364 709 2414; x_wconf 91' lang='lat' dir='ltr'><strong>omne</strong></span> <span class='ocrx_word' id='word_1_59' title='bbox 743 2342 797 2438; x_wconf 85' lang='lat' dir='ltr'><strong>jus</strong></span> <span class='ocrx_word' id='word_1_60' title='bbox 832 2340 1005 2413; x_wconf 87' lang='lat' dir='ltr'><strong>criminale</strong></span> <span class='ocrx_word' id='word_1_61' title='bbox 1040 2366 1109 2414; x_wconf 90' lang='lat' dir='ltr'><strong>non</strong></span> <span class='ocrx_word' id='word_1_62' title='bbox 1142 2340 1303 2415; x_wconf 82' lang='lat' dir='ltr'><strong>tantum</strong></span> 
     </span>
     <span class='ocr_line' id='line_1_13' title="bbox 333 2476 1275 2568; baseline -0.002 -16"><span class='ocrx_word' id='word_1_63' title='bbox 333 2476 425 2552; x_wconf 82' lang='lat' dir='ltr'><strong>hisee</strong></span> <span class='ocrx_word' id='word_1_64' title='bbox 460 2478 593 2551; x_wconf 88' lang='lat' dir='ltr'><strong>duobus</strong></span> <span class='ocrx_word' id='word_1_65' title='bbox 634 2490 778 2568; x_wconf 86' lang='lat' dir='ltr'><strong>00nstet,</strong></span> <span class='ocrx_word' id='word_1_66' title='bbox 813 2503 933 2553; x_wconf 84' lang='lat' dir='ltr'><strong>verum</strong></span> <span class='ocrx_word' id='word_1_67' title='bbox 964 2491 1000 2551; x_wconf 92' lang='lat' dir='ltr'><strong>et</strong></span> <span class='ocrx_word' id='word_1_68' title='bbox 1045 2476 1089 2550; x_wconf 85' lang='lat' dir='ltr'><strong>ad</strong></span> <span class='ocrx_word' id='word_1_69' title='bbox 1115 2477 1275 2550; x_wconf 87' lang='lat' dir='ltr'><strong>humani-</strong></span> 
     </span>
     <span class='ocr_line' id='line_1_14' title="bbox 334 2614 1273 2717; baseline -0.003 -28"><span class='ocrx_word' id='word_1_70' title='bbox 334 2626 440 2689; x_wconf 76' lang='lat' dir='ltr'><strong>tatem</strong></span> <span class='ocrx_word' id='word_1_71' title='bbox 467 2614 607 2714; x_wconf 80' lang='lat' dir='ltr'><strong>alicujus</strong></span> <span class='ocrx_word' id='word_1_72' title='bbox 631 2617 747 2717; x_wconf 79' lang='lat' dir='ltr'><strong>gentis</strong></span> <span class='ocrx_word' id='word_1_73' title='bbox 778 2617 833 2694; x_wconf 88' lang='lat' dir='ltr'><strong>vel</strong></span> <span class='ocrx_word' id='word_1_74' title='bbox 864 2616 980 2690; x_wconf 81' lang='lat' dir='ltr'><strong>aetatis</strong></span> <span class='ocrx_word' id='word_1_75' title='bbox 1011 2615 1273 2705; x_wconf 80' lang='lat' dir='ltr'><strong>aestimandam,</strong></span> 
     </span>
     <span class='ocr_line' id='line_1_15' title="bbox 335 2754 1276 2856; baseline -0.001 -29"><span class='ocrx_word' id='word_1_76' title='bbox 335 2754 481 2828; x_wconf 85' lang='lat' dir='ltr'><strong>maxime</strong></span> <span class='ocrx_word' id='word_1_77' title='bbox 516 2755 648 2833; x_wconf 73' lang='lat' dir='ltr'><strong>valeant</strong></span> <span class='ocrx_word' id='word_1_78' title='bbox 672 2756 765 2855; x_wconf 85' lang='lat' dir='ltr'><strong>leges</strong></span> <span class='ocrx_word' id='word_1_79' title='bbox 793 2780 973 2856; x_wconf 86' lang='lat' dir='ltr'><strong>moresque</strong></span> <span class='ocrx_word' id='word_1_80' title='bbox 1000 2755 1087 2828; x_wconf 82' lang='lat' dir='ltr'><strong>eirea</strong></span> <span class='ocrx_word' id='word_1_81' title='bbox 1123 2757 1276 2827; x_wconf 81' lang='lat' dir='ltr'><strong>modum</strong></span> 
     </span>
     <span class='ocr_line' id='line_1_16' title="bbox 328 2860 1275 2995; baseline 0.004 -32"><span class='ocrx_word' id='word_1_82' title='bbox 328 2895 577 2988; x_wconf 80' lang='lat' dir='ltr'><strong>procedendi,</strong></span> <span class='ocrx_word' id='word_1_83' title='bbox 605 2895 665 2992; x_wconf 92' lang='lat' dir='ltr'><strong>qui</strong></span> <span class='ocrx_word' id='word_1_84' title='bbox 683 2905 840 2985; x_wconf 85' lang='lat' dir='ltr'><strong>vocatur,</strong></span> <span class='ocrx_word' id='word_1_85' title='bbox 874 2891 918 2966; x_wconf 84' lang='lat' dir='ltr'><strong>de</strong></span> <span class='ocrx_word' id='word_1_86' title='bbox 940 2860 1001 2967; x_wconf 70' lang='lat' dir='ltr'><strong>ille</strong></span> <span class='ocrx_word' id='word_1_87' title='bbox 1019 2917 1158 2995; x_wconf 85' lang='lat' dir='ltr'><strong>quoque</strong></span> <span class='ocrx_word' id='word_1_88' title='bbox 1186 2917 1275 2967; x_wconf 83' lang='lat' dir='ltr'><strong>nuno</strong></span> 
     </span>
     <span class='ocr_line' id='line_1_17' title="bbox 337 3029 1273 3132; baseline 0 -28"><span class='ocrx_word' id='word_1_89' title='bbox 337 3032 458 3108; x_wconf 88' lang='lat' dir='ltr'><strong>ultimo</strong></span> <span class='ocrx_word' id='word_1_90' title='bbox 491 3031 566 3104; x_wconf 88' lang='lat'>1000</span> <span class='ocrx_word' id='word_1_91' title='bbox 603 3029 769 3132; x_wconf 83' lang='lat' dir='ltr'><strong>quaedam</strong></span> <span class='ocrx_word' id='word_1_92' title='bbox 799 3029 986 3130; x_wconf 83' lang='lat' dir='ltr'><strong>adjicienda</strong></span> <span class='ocrx_word' id='word_1_93' title='bbox 1015 3043 1105 3107; x_wconf 78' lang='lat' dir='ltr'><strong>sunt.</strong></span> <span class='ocrx_word' id='word_1_94' title='bbox 1152 3033 1273 3132; x_wconf 84' lang='lat' dir='ltr'><strong>Neque</strong></span> 
     </span>
     <span class='ocr_line' id='line_1_18' title="bbox 333 3136 1276 3274; baseline -0.001 -29"><span class='ocrx_word' id='word_1_95' title='bbox 333 3136 484 3274; x_wconf 60' lang='lat' dir='ltr'><strong>rprofecto</strong></span> <span class='ocrx_word' id='word_1_96' title='bbox 512 3174 549 3245; x_wconf 92' lang='lat' dir='ltr'><strong>in</strong></span> <span class='ocrx_word' id='word_1_97' title='bbox 571 3170 629 3243; x_wconf 88' lang='lat' dir='ltr'><strong>iila</strong></span> <span class='ocrx_word' id='word_1_98' title='bbox 648 3169 874 3270; x_wconf 84' lang='lat' dir='ltr'><strong>disputatione</strong></span> <span class='ocrx_word' id='word_1_99' title='bbox 897 3168 1026 3270; x_wconf 86' lang='lat' dir='ltr'><strong>aliquid</strong></span> <span class='ocrx_word' id='word_1_100' title='bbox 1049 3170 1146 3269; x_wconf 84' lang='lat' dir='ltr'><strong>prius</strong></span> <span class='ocrx_word' id='word_1_101' title='bbox 1166 3181 1276 3245; x_wconf 80' lang='lat' dir='ltr'><strong>arten-</strong></span> 
     </span>
     <span class='ocr_line' id='line_1_19' title="bbox 338 3308 1278 3408; baseline -0.005 -20"><span class='ocrx_word' id='word_1_102' title='bbox 338 3315 467 3388; x_wconf 86' lang='lat' dir='ltr'><strong>tionem</strong></span> <span class='ocrx_word' id='word_1_103' title='bbox 494 3321 641 3383; x_wconf 89' lang='lat' dir='ltr'><strong>nostram</strong></span> <span class='ocrx_word' id='word_1_104' title='bbox 671 3308 831 3408; x_wconf 85' lang='lat' dir='ltr'><strong>requirit,</strong></span> <span class='ocrx_word' id='word_1_105' title='bbox 865 3333 970 3408; x_wconf 89' lang='lat' dir='ltr'><strong>quam</strong></span> <span class='ocrx_word' id='word_1_106' title='bbox 998 3309 1113 3408; x_wconf 83' lang='lat' dir='ltr'><strong>ipsum</strong></span> <span class='ocrx_word' id='word_1_107' title='bbox 1137 3308 1183 3383; x_wconf 91' lang='lat' dir='ltr'><strong>de</strong></span> <span class='ocrx_word' id='word_1_108' title='bbox 1209 3308 1278 3382; x_wconf 82' lang='lat' dir='ltr'><strong>cri·</strong></span> 
     </span>
     <span class='ocr_line' id='line_1_20' title="bbox 335 3436 963 3549; baseline -0.014 -19"><span class='ocrx_word' id='word_1_109' title='bbox 335 3451 520 3543; x_wconf 67' lang='lat' dir='ltr'><strong>niualibus</strong></span> <span class='ocrx_word' id='word_1_110' title='bbox 546 3445 680 3549; x_wconf 86' lang='lat' dir='ltr'><strong>judiciis</strong></span> <span class='ocrx_word' id='word_1_111' title='bbox 712 3436 853 3520; x_wconf 80' lang='lat' dir='ltr'><strong>examen</strong></span> <span class='ocrx_word' id='word_1_112' title='bbox 876 3443 963 3546; x_wconf 89' lang='lat'>(1).</span> 
     </span>
    </p>
   </div>
   <div class='ocr_carea' id='block_1_6' title="bbox 1208 3554 1280 3664">
    <p class='ocr_par' dir='ltr' id='par_1_6' title="bbox 1208 3554 1280 3664">
     <span class='ocr_line' id='line_1_21' title="bbox 1208 3554 1280 3664; baseline -0.056 0"><span class='ocrx_word' id='word_1_113' title='bbox 1208 3554 1280 3664; x_wconf 64' lang='lat' dir='ltr'><strong>ue</strong></span> 
     </span>
    </p>
   </div>
   <div class='ocr_carea' id='block_1_7' title="bbox 377 3789 1277 3937">
    <p class='ocr_par' dir='ltr' id='par_1_7' title="bbox 377 3789 1277 3937">
     <span class='ocr_line' id='line_1_22' title="bbox 377 3789 1277 3937; baseline -0.003 -89"><span class='ocrx_word' id='word_1_114' title='bbox 377 3793 493 3871; x_wconf 51' lang='lat'><strong>(1131.</strong></span> <span class='ocrx_word' id='word_1_115' title='bbox 512 3810 579 3866; x_wconf 75' lang='lat' dir='ltr'><strong>quee</strong></span> <span class='ocrx_word' id='word_1_116' title='bbox 607 3793 641 3853; x_wconf 75' lang='lat' dir='ltr'><strong>d·</strong></span> <span class='ocrx_word' id='word_1_117' title='bbox 666 3792 720 3858; x_wconf 77' lang='lat' dir='ltr'><strong>irae</strong></span> <span class='ocrx_word' id='word_1_118' title='bbox 746 3797 807 3852; x_wconf 75' lang='lat'>1000</span> <span class='ocrx_word' id='word_1_119' title='bbox 833 3791 935 3849; x_wconf 73' lang='lat' dir='ltr'><strong>tradite</strong></span> <span class='ocrx_word' id='word_1_120' title='bbox 960 3789 1076 3865; x_wconf 72' lang='lat' dir='ltr'><strong>disputat</strong></span> <span class='ocrx_word' id='word_1_121' title='bbox 1101 3789 1277 3937; x_wconf 53' lang='grc' dir='ltr'><strong><em>Βοοιίεὲἰωῖ</em></strong></span> 
     </span>
    </p>
   </div>
   <div class='ocr_carea' id='block_1_8' title="bbox 0 0 1432 4964">
    <p class='ocr_par' dir='ltr' id='par_1_8' title="bbox 0 0 1432 4964">
     <span class='ocr_line' id='line_1_23' title="bbox 0 0 1432 4964; baseline 0 0"><span class='ocrx_word' id='word_1_122' title='bbox 0 0 1432 4964; x_wconf 95' lang='lat' dir='ltr'><strong> </strong></span> 
     </span>
    </p>
   </div>
  </div>
 </body>
</html>
