2828 4964
488 351 899 444 INAUGURALE.
946 372 953 385 ’
1121 366 1164 440 13

278 568 390 643 Semel
411 581 523 640 autem
550 567 695 640 admisso
726 569 893 666 imperio,
926 569 963 642 id
991 585 1061 660 cst,
1089 574 1160 667 jure

230 709 379 808 integrae
416 707 579 778 societatis
618 720 773 806 tanquam
815 732 976 803 personae
1004 713 1161 798 moralis,

229 847 268 919 in
290 846 438 944 singulos
457 870 591 934 omnes,
624 847 684 941 qui
713 844 862 942 ejusdem
884 847 1048 917 societatis
1079 849 1164 933 sint,

233 983 277 1054 ad
310 982 475 1083 cogendos
505 1008 582 1074 eos,
611 997 651 1055 ut
677 980 923 1054 conditionibus
956 981 1055 1073 n'tae
1075 983 1165 1054 illius

235 1120 343 1196 civilis
366 1123 587 1204 satisfaciant,
614 1121 687 1218 ipsa
714 1121 889 1192 necessitas
917 1132 950 1192 et
972 1134 1088 1194 natura
1116 1120 1166 1193 rei

234 1286 274 1332 co
293 1259 417 1332 ‘ducere
446 1261 608 1355 plurimos
636 1258 840 1360 legislatores
862 1257 1000 1345 debuit,
1029 1272 1067 1330 ut
1083 1285 1169 1356 poe*

235 1423 353 1468 narum
401 1397 575 1468 severitate
627 1395 837 1492 gravissimas
880 1421 1029 1493 quasque
1074 1397 1164 1492 pacti

236 1534 328 1605 illius
347 1533 475 1609 socialis
497 1532 703 1606 conditiones
732 1533 895 1604 sancirent
919 1532 1167 1632 indomitosque

235 1683 269 1742 et
300 1670 444 1742 libertati
481 1669 648 1742 absolutae
686 1685 833 1742 assuetos
870 1669 1023 1743 homines
1052 1673 1169 1768 legum

233 1807 513 1880 moderaminict
530 1810 623 1881 freno
659 1808 884 1906 subjicerent,
916 1810 963 1882 ita
990 1823 1029 1882 ut
1055 1812 1169 1882 omnia

232 1971 279 2016 no
306 1945 425 2019 nullibi
461 1946 629 2019 levissima
661 1948 805 2020 civitatis
832 1947 927 2021 initia
956 1949 1028 2020 sine
1055 1950 1168 2046 irnpe-

234 2081 284 2155 rio
313 2097 346 2155 et
373 2084 490 2181 poenis
518 2084 740 2158 inveniamus.
770 2165 772 2169 y

649 2358 683 2456 a.
729 2381 762 2432 2.

232 2706 235 2710 Α
307 2633 365 2702 De
379 2633 574 2722 limitibus,
593 2634 695 2703 intra
716 2659 807 2729 quos
820 2636 990 2726 primum
1014 2630 1101 2708 subi

389 2772 524 2841 stitisse
547 2773 738 2850 orianinale
753 2778 824 2869 jus
853 2774 1012 2854 videtur.

284 3049 378 3121 licet
411 3063 523 3122 autern
559 3050 608 3123 sic
637 3027 721 3124 curn
750 3052 940 3126 civitatibus
973 3054 1053 3126 fere·
1066 3054 1168 3128 simul

196 3202 201 3206 “
237 3213 364 3287 poenae
384 3190 590 3279 exstiterint,
612 3188 798 3263 cavendum
811 3204 923 3263 tamen
942 3194 1079 3264 omnino
1099 3205 1169 3279 est,

236 3351 298 3414 ne,
312 3325 405 3424 quod
419 3327 533 3424 plures
556 3328 786 3425 imprudenter
811 3330 981 3418 fecerunt,
1003 3330 1048 3401 ita
1072 3328 1169 3401 nobis

1103 3490 1176 3540 rem

236 3620 285 3674 ubi
303 3618 386 3682 dicit,
411 3629 501 3686 sponte
529 3619 760 3673 ox'matrimoniis
781 3622 911 3675 familias,
942 3618 1018 3674 etex
1046 3611 1170 3692 potestate

239 3709 453 3778 patrumfamilias
467 3709 590 3779 paulatim
601 3710 709 3778 imperia
723 3710 852 3778 originem
872 3709 983 3772 duxisse.
1016 3710 1059 3784 Cf.
1079 3725 1172 3766 Lucu

239 3796 276 3851 du
302 3798 513 3853 Gouvaeraement
537 3797 615 3856 civil.
664 3835 667 3846 ..

739 3910 817 3990 135
