2828 4964
356 323 422 399 roi
560 314 798 396 saeclum
813 314 1080 398 JURlDlCUM

344 548 411 597 non
424 537 492 598 tam
511 523 607 598 facile
621 522 862 613 emendantur,
887 548 991 622 quam
1009 537 1292 625 cognoscuntnr3

343 661 438 762 quod
471 663 531 765 qui
565 662 776 751 consideret,
807 662 856 736 illi
887 663 1014 736 miram
1035 687 1113 735 saue
1138 689 1209 736 non
1232 666 1297 740 ni.
1387 668 1390 673 ·

345 797 505 893 debitur,
521 827 589 874 non
606 800 672 874 nisi
695 799 808 875 tardos
834 799 1011 902 lentosque
1029 801 1110 876 illos
1130 825 1299 902 prognes.
1413 792 1414 800 '

344 963 402 1013 sus
426 940 528 1014 luisse
559 934 650 1039 (1).

393 1077 494 1170 Qsod
520 1077 623 1180 igitur
648 1072 753 1151 semel
781 1091 816 1150 et
841 1076 943 1149 simul
964 1074 1133 1177 abrogare
1154 1079 1300 1180 legisla-

345 1229 437 1292 tores
462 1243 529 1291 non
546 1230 719 1316 poterant,
743 1214 828 1290 illud
847 1216 1001 1316 primum
1025 1216 1223 1289 arctioribus
1244 1218 1294 1290 fi.

344 1355 446 1432 uibus
468 1353 803 1444 circumscribebant,
825 1379 939 1429 causas
967 1355 1232 1444 imminuendo,
1256 1357 1294 1430 in

347 1495 471 1599 quibos
504 1496 684 1569 certamina
722 1493 861 1567 licerent
897 1490 984 1593 (2).
1048 1493 1186 1567 Deinde
1214 1523 1295 1572 vero

341 1635 515 1733 pristinam
544 1633 746 1731 judiciorum
770 1633 913 1706 formam
932 1631 1081 1729 multum
1096 1617 1296 1710 emendavit

342 1770 481 1844 benitas
513 1770 707 1869 appellandi
743 1768 786 1843 ab
820 1769 1032 1844 inferioribus
1066 1771 1294 1848 tribunalibus

340 1905 385 1981 ad
417 1907 610 2005 superiora,
646 1907 682 1978 in
721 1906 846 2007 quibus
883 1909 1090 2008 probationes
1131 1911 1211 1982 illae
1256 1924 1295 1986 et

342 2047 521 2121 mrumina
557 2069 626 2119 non
663 2043 939 2122 admittebantur.
1004 2048 1168 2140 Quamvis
1191 2051 1293 2124 enim
1344 2089 1351 2102 ·

342 2184 488 2262 dubitari
520 2196 686 2286 nequeat,
714 2185 889 2284 principes
920 2186 1090 2286 imprimis
1119 2167 1164 2261 ad
1197 2191 1295 2262 fran-

341 2323 489 2426 gendam
513 2323 675 2397 nobilium
704 2322 922 2422 superbiam,
946 2348 1113 2426 suamque
1146 2331 1297 2402 auetori-

341 2473 446 2535 tatem
466 2460 763 2551 corroborandam,
794 2460 1045 2560 appellationes
1073 2465 1146 2538 illas
1180 2469 1294 2539 intro-

342 2595 496 2689 duxisse,
539 2599 679 2674 effectus
710 2599 928 2675 nihilominus
966 2615 1083 2677 amen
1129 2605 1293 2678 salutares

230 2828 234 2840 .
342 2738 490 2814 fuemnt.

390 2872 481 2946 Cum
507 2876 599 2947 enim
624 2874 670 2947 ad
690 2901 728 2948 se
746 2902 886 2950 omnem
909 2879 981 2951 lere
996 2878 1207 2977 judiciorum
1222 2880 1295 2959 vim

220 3059 226 3080 .
344 3010 475 3088 nobiles
491 3010 541 3085 illi
555 3013 760 3113 potentiores
777 3015 970 3107 traxissent,
993 3018 1200 3120 saepiusque
1213 3020 1295 3095 sub·

344 3149 425 3231 ditis
447 3152 516 3226 suis
538 3162 594 3224 aut
619 3149 752 3227 vasallis
776 3151 995 3228 inferioribus
1025 3158 1079 3255 jus
1096 3157 1214 3232 dicero
1232 3158 1292 3233 de·

344 3301 542 3382 necarent,
561 3289 713 3391 primum
736 3286 798 3364 bae
824 3292 956 3367 ratione
986 3307 1064 3370 nata
1091 3296 1159 3373 fuit
1180 3311 1295 3399 potes,-

347 3617 350 3626 ,
383 3547 441 3619 (1)
458 3548 627 3601 soranam
645 3542 675 3602 ll.
691 3561 723 3616 p,
746 3544 797 3599 114
815 3554 844 3597 es
864 3544 920 3624 ηδ.
1160 3500 1162 3507 ¹
1241 3452 1288 3516 ω

384 3639 438 3706 (a)
456 3637 582 3692 Bansssn
600 3639 688 3708 Usage
708 3637 755 3691 ctae
768 3635 849 3706 Ilisso
871 3638 934 3692 Vel.
956 3637 995 3696 11.
1013 3656 1043 3709 p.
1059 3640 1121 3713 9⁶²
1144 3653 1174 3700 a
1193 3645 1296 3705 σιω.

345 3737 446 3780 mneu
463 3729 510 3782 des
532 3729 602 3783 Rois
621 3731 654 3786 ds
677 3727 787 3789 Fratres
811 3728 889 3783 Tem.
914 3728 939 3785 1.
952 3748 984 3803 p.
1007 3731 1045 3792 16.
