2828 4964
143 331 145 337 ’
232 343 253 414 4
445 342 669 415 ὃΡΕΟΙΜΕῗῖ
692 342 714 413 J
720 341 950 417 URIDICUM

237 560 396 646 quantam
443 544 627 616 humanitas
672 545 903 641 prarstantium
946 542 1042 619 evehi
1084 569 1174 643 pos*

236 687 288 757 sit.
344 687 414 756 Nec
448 709 553 752 unum
595 696 651 753 aut
685 683 828 752 alterurn
861 685 994 769 valere,
1033 695 1072 755 ut
1111 685 1172 757 in-

236 822 279 893 de
308 821 479 895 universae
508 820 616 917 gentis
658 821 713 891 vel
745 822 857 892 aetatis
888 819 1062 916 cujusdam
1100 821 1172 894 hu-

236 963 428 1032 manitatem
466 958 684 1030 determinare
723 957 907 1055 possimuS,
942 960 1037 1030 facilc
1072 960 1173 1057 quis-

237 1125 302 1197 que
334 1097 436 1171 videt.
490 1116 499 1137 ·

285 1235 386 1326 Quod
437 1261 516 1309 vcro
549 1231 701 1322 mores,
753 1236 923 1332 vitamque
980 1236 1173 1310 universam

235 1380 387 1474 gentium
421 1376 562 1462 attinet,
597 1400 697 1445 nomo
729 1375 791 1445 erit
813 1376 979 1470 proiecto,
1015 1378 1075 1471 qui
1106 1375 1174 1446 dc-

159 1530 161 1536 ’
234 1515 370 1601 tendat,
400 1515 444 1585 ita
482 1514 562 1583 haec
605 1514 716 1582 omnia
748 1509 789 1581 ab
824 1510 985 1583 historicis
1012 1513 1170 1584 omnium

151 1666 156 1676 “
235 1665 425 1748 temporum
455 1649 616 1745 descripta
640 1649 765 1736 firissc,
790 1663 826 1720 ut
849 1648 926 1720 hinc
952 1661 1079 1719 certum
1098 1648 1174 1722 du-

236 1790 266 1860 ci
295 1789 400 1886 possit
423 1786 466 1858 dc
492 1789 630 1884 alicujus
657 1790 765 1883 gentis
794 1788 848 1861 vei
873 1789 986 1859 aetatis
1009 1785 1172 1860 humani·

234 1940 301 1998 tate
340 1926 525 2023 judicium,
564 1940 598 2000 et
638 1925 795 1998 historica
840 1925 949 1997 omnis
988 1926 1172 2023 disputatio

236 2065 278 2136 de
312 2065 527 2164 gravissima,
563 2090 663 2164 quam
694 2064 857 2150 diximuS,
889 2065 1083 2159 quaestione
1110 2065 1169 2138 vei

234 2217 321 2275 carte
345 2228 463 2300 parum
486 2206 650 2275 fructuosa
674 2205 778 2291 toret,
809 2204 874 2275 nisi
903 2202 1040 2274 meliora
1063 2204 1167 2274 certi·

233 2365 356 2442 oraque
388 2341 618 2438 disputationis
649 2341 796 2412 subsidia
823 2344 940 2415 forent.

280 2480 451 2549 Habemus
471 2493 581 2550 autem
599 2480 656 2550 iila
677 2478 835 2550 subsidia.
883 2476 1014 2550 Adsunt
1040 2479 1077 2551 in
1097 2504 1168 2576 po-

231 2618 390 2715 pulorum
417 2616 569 2715 iegibus,
610 2631 709 2714 atque
752 2617 786 2687 in
822 2615 873 2687 his
905 2618 987 2687 adeo
1024 2615 1168 2715 quidem

233 2758 331 2853 plene
360 2754 501 2844 adsunt,
537 2769 574 2826 ut
601 2755 643 2826 ad
670 2755 891 2827 dirimendam
914 2754 1168 2852 quaestionem,

233 2893 477 2964 nihilomnino
504 2893 642 2964 ulterius
670 2893 849 2965 desiderari
874 2891 1035 2966 videatur.

279 3031 316 3102 Si
351 3032 442 3101 enim
476 3056 596 3102 verum
631 3032 695 3118 sit,
727 3031 819 3129 quod
852 3033 1068 3107 verissimum
1094 3056 1169 3103 esse

231 3168 331 3241 multi
356 3168 642 3256 demonstrarunt,
673 3182 821 3240 constare
848 3172 986 3242 omnino
1017 3168 1083 3241 sibi
1112 3171 1167 3242 le-

231 3332 291 3409 ges
314 3307 452 3406 ahcujus
478 3306 595 3404 populi
624 3330 691 3376 non
716 3331 834 3404 posse,
865 3307 929 3379 nisi
959 3333 1037 3379 cum
1057 3308 1166 3380 mori-

119 3506 126 3521 .
230 3447 294 3519 bus
332 3460 366 3518 et
402 3446 490 3518 vitae
523 3444 616 3515 cultu
648 3443 738 3541 apud
776 3445 868 3517 illam
898 3459 1035 3545 gentem
1070 3449 1168 3546 quasi

231 3586 304 3683 pari
332 3609 432 3682 passu
459 3581 657 3670 ambulent,
688 3585 733 3653 ita
757 3595 795 3654 ut
819 3609 882 3654 nec
906 3584 1052 3656 multum
1077 3585 1167 3658 infra

234 3718 444 3796 humanitatis
468 3720 610 3821 gradum
633 3744 704 3791 csse
715 3721 862 3816 possint,
883 3721 920 3793 in
935 3747 1003 3819 quo
1016 3723 1165 3820 populus

235 3870 400 3950 versatur,
433 3862 488 3934 cui
512 3859 655 3963 scriptae
683 3869 780 3950 sunt,
808 3884 871 3935 nec
893 3859 1042 3940 multum
1060 3882 1169 3960 'quoa

1094 4025 1167 4098 41¹1ss
