2828 4964
233 292 284 373 dd
445 290 675 371 SPECIMEN
697 288 959 374 JURIDICUM

239 511 312 574 tum
335 499 386 595 jus
416 497 461 571 ad
488 523 550 570 nos
574 498 767 597 pervenisse
795 500 913 573 autin
942 500 1017 572 aliis
1048 528 1181 578 monu-

237 636 360 710 mentis
390 635 580 710 memorari.
617 635 718 726 Quod
748 637 777 708 si
809 663 889 712 vero
919 664 1030 712 mores
1053 640 1105 715 hic
1139 658 1177 717 et

241 773 498 848 eonsuetudines
531 772 778 872 intelligantur,
814 779 1021 850 econtrario
1044 795 1176 854 certum

239 927 291 986 est
305 938 384 986 -non
403 925 552 1000 tantum,
580 910 747 1008 ejusmodi
774 937 885 985 mores
907 913 1058 990 diversos
1087 921 1180 1018 apud

235 1063 377 1151 gentem
407 1075 447 1121 ex
469 1049 603 1147 populis
632 1048 771 1124 diversis
798 1052 973 1125 collectam
1001 1054 1175 1148 adfuisse,

241 1213 361 1264 verum
387 1188 488 1258 etiam
503 1184 687 1259 admodum
714 1187 888 1286 probabile
903 1192 1074 1266 videretur
1091 1193 1177 1268 hanc

239 1326 467 1400 diversitatem
493 1326 628 1424 penitus
649 1327 835 1426 neglectam
861 1353 928 1399 non
955 1332 1058 1404 fuisse
1085 1333 1177 1432 apud

238 1464 407 1566 populos,
450 1465 510 1562 qui
544 1464 581 1536 in
606 1477 674 1536 tam
707 1489 830 1564 magno
866 1469 975 1564 pretio
1006 1472 1178 1568 ponebant

239 1607 335 1704 jura,
365 1602 400 1674 in
424 1628 512 1701 quac
532 1600 623 1700 ipsae
647 1614 759 1700 partes
783 1623 1034 1696 consenserant,
1055 1624 1093 1681 ut
1121 1611 1176 1684 vel

239 1742 358 1814 electio
385 1739 465 1836 juris
489 1738 658 1839 peregrini
679 1739 845 1839 prohibita
863 1770 928 1816 non
946 1747 1063 1835 luerit,
1098 1747 1114 1846 (
1132 1745 1176 1843 1)

239 1879 269 1955 si
299 1877 437 1977 quidem
472 1877 565 1974 ipsae
599 1877 691 1971 leges
726 1903 768 1951 ex
798 1881 854 1953 illa
894 1894 997 1955 aetate
1030 1910 1173 1957 omnem

242 2015 486 2090 dubitationem
518 2041 586 2088 non
625 2018 798 2106 tollerent,
832 2017 875 2091 ad
909 2020 1072 2116 eiusmodi
1098 2025 1174 2120 jura

239 2155 418 2257 singularia
441 2153 588 2228 totidem
610 2153 721 2229 verbis
742 2171 959 2255 provocantes
989 2159 1004 2258 (
1050 2159 1078 2256 ).

289 2293 392 2387 Quod
423 2318 504 2368 vero
540 2293 677 2364 alteram
705 2295 822 2368 attinet
847 2295 891 2369 de
920 2299 1079 2373 Romano
1104 2304 1176 2397 jure

239 2436 478 2534 questionem,
530 2456 594 2528 qua
627 2430 817 2504 Romanum
851 2436 904 2532 jus
944 2440 1176 2534 antejustinia-

237 2595 342 2644 neum
354 2620 365 2658 ,
400 2569 568 2641 Codieem
598 2570 892 2644 Theodosianum
911 2588 945 2646 et
964 2578 1176 2668 compendi·
1206 2638 1213 2659 ,,

238 2734 304 2787 um
337 2707 602 2797 Alaricianum
620 2708 762 2807 intelligi
784 2735 901 2785 omnes
922 2711 1040 2785 harum
1063 2668 1205 2788 rerum'l

164 2922 168 2931 ,
238 2847 339 2946 periti
359 2847 454 2918 facile
477 2846 702 2944 perspiciunt,
727 2847 810 2924 milri
834 2850 975 2951 quidem
993 2880 1176 2953 argumen-

1102 3007 1175 3067 tum

279 3145 329 3215 (ι)
349 3139 466 3194 Omnino
486 3141 603 3193 conferri
623 3152 755 3197 merentur
777 3164 843 3214 qnae
862 3147 893 3204 de
913 3150 1020 3217 antiqna
1040 3151 1088 3203 illa
1103 3150 1172 3200 elee-

242 3233 413 3302 tionejuria
439 3231 537 3284 hahent
563 3245 624 3282 vau
652 3247 710 3284 nna
739 3249 860 3311 seraone
888 3239 917 3293 lt.
947 3237 1017 3292 C.2
1051 3252 1072 3307 ς.
1095 3241 1127 3292 30
1147 3248 1172 3292 et

239 3335 398 3381 uenustus
418 3323 450 3374 de
471 3319 624 3372 Nobilitate
644 3321 696 3373 Lib
729 3341 751 3379 ι.
774 3321 837 3392 Cap.
863 3341 903 3391 ²7-
938 3325 1100 3378 Vix-antem
1115 3345 1173 3378 mo·

238 3436 303 3475 nere
323 3431 425 3467 necesse
444 3420 482 3464 est
498 3412 529 3462 in
544 3409 593 3463 hac
609 3419 698 3467 nostra
715 3413 819 3481 dejure
839 3414 978 3471 criminali
997 3403 1175 3486 disputatione

239 3526 311 3561 mum
332 3506 404 3558 illam
425 3502 578 3554 electionem
605 3502 671 3568 juris
693 3498 788 3550 habere
810 3519 863 3552 non
885 3502 1006 3568 potuisse.
1042 3505 1103 3558 Nisi
1128 3525 1188 3574 qua.

240 3603 315 3648 unna
336 3596 464 3662 integrum
486 3590 649 3644 territorium
670 3593 709 3657 jus
731 3590 837 3656 aliquod
858 3607 911 3642 non
929 3610 1002 3644 suum
1024 3594 1152 3663 elegisset.

276 3686 328 3749 (a)
348 3684 391 3736 Cf.
411 3687 469 3735 bsx
491 3683 646 3732 Frisionum
671 3681 727 3730 Yet·
749 3682 782 3732 18
809 3684 869 3736 Art.
891 3697 915 3732 ι.
941 3690 969 3732 et
990 3686 1051 3741 Lex
1077 3687 1175 3748 sagara.

240 3765 297 3823 rit.
320 3766 345 3818 s.
368 3774 393 3838 5.
416 3772 444 3822 Ι.
463 3769 498 3819 ad
519 3787 582 3840 qna·
602 3766 646 3823 Cf.
668 3780 805 3821 numum
827 3771 856 3825 tt.
884 3787 912 3840 p.
928 3769 972 3830 tt.
