2828 4964
308 339 316 361 ¹
351 330 763 415 INAUGURALE.
799 350 806 365 “
984 338 1030 415 83

137 538 211 613 ttae
227 537 346 612 inutile
360 549 472 613 tarum
484 554 542 613 aut
552 563 836 639 supervacaneum
853 542 1027 643 audam

91 699 255 766 monere,
278 699 410 750 causam
431 679 520 752 illius
531 681 601 769 rei,
616 704 658 752 ex
670 689 780 752 nostra
799 678 936 782 quidem
943 685 1024 783 opis

97 816 217 903 niune,
244 841 310 888 non
329 815 412 890 adeo
430 818 467 890 in
483 819 602 917 majori
624 816 850 908 humanitate,
872 832 930 895 aut
954 824 1029 897 vic*

97 951 180 1023 toria
195 955 276 1049 juris
299 955 464 1046 Romani,
485 957 613 1057 quippe
640 956 733 1059 quod
749 959 865 1058 ipsum
882 959 1029 1033 actiones

93 1091 241 1189 privatas
279 1119 319 1167 ex
356 1094 477 1168 delicto
510 1096 667 1194 poenales
705 1098 873 1196 agnoseit,
908 1122 1029 1173 verum

90 1228 127 1300 in
160 1255 200 1302 eo
235 1233 346 1304 solum
380 1247 437 1308 aut
473 1234 652 1332 praecipue
685 1234 909 1338 quaerendam
936 1260 1028 1326 csse,

93 1367 186 1466 quod
221 1368 387 1469 abrogatis
422 1372 583 1468 paulatim
631 1371 823 1446 domesticis
862 1374 1028 1465 servitiis,

92 1507 271 1578 utilitatem
299 1508 376 1580 illae
404 1509 496 1608 leges
529 1523 564 1583 et
585 1535 685 1584 usum
710 1511 766 1587 vix
793 1511 940 1611 amphus
964 1510 1030 1585 ha·

91 1643 221 1720 herent.
255 1646 416 1737 eramvis
438 1647 527 1719 enim
543 1648 698 1723 lubenter
718 1652 899 1740 fateamur,
918 1651 954 1723 in
971 1651 1025 1722 lo·
1088 1693 1091 1699 ⁴

89 1783 241 1856 nioribus
260 1801 293 1857 et
311 1784 354 1857 ed
376 1786 619 1862 humanitatem
634 1789 900 1892 religionemque
916 1790 1024 1890 magis

84 1923 278 2022 compositis
294 1923 446 1998 moribus
466 1950 598 1998 causam
610 1927 758 2026 aliquam
776 1929 921 2004 inveniri
936 1952 1021 2026 pos-

86 2086 208 2150 se,cur
220 2064 252 2135 in
262 2061 437 2137 homicidii
447 2077 546 2164 atque
563 2063 801 2135 vulnerationis
817 2064 1021 2137 criminibus

86 2201 258 2298 sanguinis
282 2200 339 2272 illa
357 2199 498 2296 pristina
521 2197 686 2272 redemtio
705 2198 741 2271 iu
764 2199 1022 2276 desuetudinem

85 2337 234 2424 venerit,
258 2337 302 2408 in
325 2335 454 2419 delictis
475 2349 606 2426 tamen,
634 2336 721 2410 bona
745 2335 1021 2436 respicientibus,

83 2501 122 2547 ea
152 2477 395 2575 argumentatio
418 2476 679 2575 applicationem
705 2474 761 2550 vix
794 2473 917 2564 babet3
955 2498 1020 2552 ve.

82 2641 160 2688 rum
176 2616 310 2688 inutiles
331 2628 432 2718 atque
455 2638 716 2715 supervacaneae
741 2613 908 2687 debebant
929 2641 1017 2716 pau·

83 2753 179 2825 latim
215 2753 361 2824 actiones
395 2751 524 2843 videri,
565 2777 650 2853 quae
677 2754 923 2827 exsecutionem
946 2757 1017 2829 loru

79 2916 252 2992 nunquam
281 2890 510 2970 admittebant
557 2893 610 2966 lta
640 2908 677 2968 ut
704 2921 794 2968 nuuc
818 2895 893 2966 lom
925 2897 1015 2993 pris·

78 3032 140 3106 tini
167 3034 324 3134 principii
357 3035 395 3104 in
412 3035 546 3128 poenis
575 3035 731 3104 maxime
763 3035 906 3104 laesum
934 3058 1016 3103 rea·
1046 3106 1049 3113 ,

68 3174 286 3271 piciendum
328 3197 405 3244 ecee
446 3172 609 3274 paulatim
650 3196 779 3245 novum
818 3168 911 3265 aliud
949 3168 1013 3244 lroc
1065 3148 1068 3153 ι

918 3307 1015 3408 prin·

79 3500 258 3574 prebendebat
282 3517 365 3568 poena
393 3499 508 3567 publiea.
541 3497 618 3551 Licet
640 3508 726 3552 tamen
745 3513 835 3566 magna
858 3495 1012 3555 difficultati

76 3609 132 3645 non
148 3599 237 3642 eareat
250 3606 401 3654 responsum
422 3587 454 3638 ad
472 3589 663 3655 quaestionem:
689 3587 820 3656 quomodo
843 3590 939 3640 lactum
952 3594 1004 3648 sit.

74 3692 105 3736 ut
118 3683 242 3749 paulatim
263 3680 354 3746 poenis
371 3697 425 3731 aeae
446 3679 523 3729 liberi
539 3677 657 3730 homines
677 3679 852 3747 subjecerint,
882 3697 946 3752 quae
958 3699 1005 3757 per

71 3772 296 3844 integramente
319 3786 374 3825 non
395 3769 447 3825 aiat
467 3769 538 3824 sarri
556 3767 626 3838 pusi
645 3769 758 3822 sacrant.

580 3861 701 3963 as
