2828 4964
468 177 886 262 1nanoonanr
1101 174 1174 277 am

229 382 351 485 Belgio
365 385 422 462 vix
439 384 566 482 aliquid
579 384 622 458 ab
642 410 683 457 eo
699 383 778 457 inde
791 397 941 480 tempore
959 379 1025 455 dici
1045 383 1168 482 possit,

232 525 325 626 qnod
350 550 424 597 non
447 524 556 622 magis
582 522 625 595 ad
644 521 815 595 historiam
842 520 966 618 jurium
994 531 1170 592 exnnneo·

189 706 197 711 -
229 689 328 747 rum,
360 687 461 762 quam
494 660 537 733 ad
573 661 693 758 patrias
724 660 815 757 leges
841 659 1029 756 pertineat,
1065 658 1168 730 altera

229 826 335 888 vero,
366 799 478 899 quod,
513 824 600 904 quae
631 797 674 870 de
711 797 881 870 foederato
908 796 1029 896 Belgio
1055 795 1099 868 ab
1129 820 1172 869 eo

228 938 314 1013 inde
340 950 491 1034 tempore
514 939 622 1008 lorent
650 935 809 1023 dicenda,
837 938 905 1032 jam
931 934 974 1006 ab
999 948 1171 1008 aestuma-

229 1074 362 1148 tissimo
379 1087 575 1172 promotore
605 1068 684 1172 (1)
710 1074 775 1145 alio
803 1074 877 1145 loco
909 1073 974 1145 sint
1002 1075 1170 1174 exposita,

240 1228 284 1287 ut
312 1211 394 1311 quid
417 1211 549 1307 juvenis
570 1210 691 1282 addere
718 1235 872 1309 possem,
902 1212 1000 1307 plane
1025 1211 1177 1284 nonha-

234 1352 378 1437 bemm,
407 1362 540 1447 praeter
571 1374 674 1421 unam
709 1346 794 1421 hanc
820 1349 1009 1448 generalem
1037 1350 1176 1423 conclu-

235 1491 388 1565 sionem:
432 1484 665 1582 Numquam
689 1511 818 1559 novam
858 1485 1022 1581 aliquam
1058 1491 1176 1560 lucem

238 1629 481 1698 humanitatis
520 1629 633 1696 etiam
662 1626 722 1696 dic
752 1630 988 1719 apparuisse,
1020 1629 1109 1722 quin
1137 1639 1198 1697 et·

240 1766 339 1836 inter
351 1769 495 1857 primos
521 1767 660 1857 Belgae
669 1766 841 1858 suerint,
864 1770 929 1861 qui
957 1768 997 1837 in
1018 1791 1175 1839 commo-

238 1906 329 1974 dum
359 1930 467 1972 ouum
500 1906 606 1970 illam
633 1901 821 1975 verterint.

280 2107 332 2171 (ι)
352 2104 385 2155 ln
405 2098 509 2155 laudate
530 2103 629 2169 saepius
650 2099 846 2152 introductione
866 2098 900 2151 ad
923 2102 1042 2155 codicem
1063 2107 1174 2166 crimin.

240 2193 344 2244 Ludov.
364 2191 412 2241 ubi
435 2192 552 2242 universe
571 2192 641 2241 ratio
662 2189 782 2242 redditur
803 2193 984 2255 enormiorem,
1014 2195 1105 2262 quibua
1128 2214 1175 2248 re-

242 2283 358 2335 centiori
378 2288 462 2330 aetate
485 2282 632 2333 criminales
653 2296 710 2329 anon
729 2280 796 2346 leges
817 2280 953 2331 emendare
979 2291 1065 2348 gentes
1087 2284 1176 2335 Euro.

241 2390 290 2442 poe
317 2388 449 2438 aggressae
470 2378 545 2422 aunt,
567 2370 677 2419 maxime
698 2377 784 2419 tamen
807 2360 901 2422 curaer
924 2388 1001 2439 quam
1022 2377 1050 2423 in
1070 2392 1115 2425 auo
1130 2394 1175 2442 Ju-

242 2478 273 2517 το
287 2458 426 2510 criminali
441 2458 603 2509 emendando
626 2461 708 2530 Belgii
721 2463 850 2516 foederari
865 2466 1042 2522 moderatores
1061 2470 1095 2522 ad
1109 2488 1176 2524 noa·

244 2559 285 2607 tra
303 2564 383 2623 utque
405 2556 521 2617 tempore
546 2563 686 2621 posueruut
703 2572 733 2625 p.
756 2571 789 2627 7⁰
806 2564 834 2606 et
853 2573 926 2639 seqq.

485 2944 928 3053 riarum
