2828 4964
498 355 938 438 INAUGU'RAL‘E'
1111 352 1184 435 1³5

227 551 332 662 loges
367 581 544 660 suspensas
574 573 676 662 eupue
713 558 893 663 abrogatos
917 558 1021 636 fuisse
1051 559 1178 639 deim-

232 696 327 773 dunt
350 693 422 798 (1).
962 784 966 790 ,

283 838 360 913 Nee
388 848 502 912 tamen
535 851 569 912 et
593 834 675 915 hoec
701 840 816 942 magni
837 839 1004 915 momenti
1031 835 1180 916 difficul-

238 986 292 1049 us
319 989 380 1052 est
428 979 592 1069 Quamvis
618 979 710 1053 enim
730 981 780 1056 -ad
798 981 954 1055 articulos
977 982 1184 1080 pacificatio-

237 1117 294 1188 nis
327 1113 557 1189 Gendavensis
586 1118 666 1192 iet
697 1118 732 1194 5.
760 1132 970 1219 provocent,
993 1132 1094 1220 utque
1119 1117 1184 1192 hoc

242 1279 322 1328 cum
363 1254 406 1327 iis
443 1255 560 1329 fecerit
605 1281 742 1357 quoque
784 1279 1041 1363 wtoumtus
1082 1255 1184 1358 (2),

243 1391 351 1467 cuivis
372 1405 483 1465 tamen
505 1397 687 1468 accuratius
699 1394 835 1486 phorum
861 1397 1089 1472 Articulorum
1104 1372 1182 1472 ver·

242 1527 286 1604 bu
313 1531 502 1630 inspicienti
526 1545 577 1606 est
607 1532 843 1633 perspicuum,
870 1535 919 1609 ibi
951 1560 1021 1609 non
1053 1533 1110 1639 de
1129 1535 1186 1608 le-

246 1667 346 1771 gibus
380 1667 577 1769 Philippicis
601 1673 774 1763 universe,
795 1698 917 1748 verum
943 1672 988 1746 de
1008 1670 1088 1747 sol'u
1117 1672 1185 1747 illis
1272 1726 1274 1730 -

245 1807 410 1907 capitibus
433 1834 506 1882 esse
537 1812 787 1911 quaestionem,
811 1837 897 1912 quae
935 1810 979 1884 de
1015 1809 1185 1887 heretico-

244 1971 322 2022 rum
349 1950 635 2047 persecutionibus
661 1964 850 2026 occurrunt.
897 1952 949 2026 Ut
967 1950 1100 2025 silentio
1131 1950 1186 2022 ol-

243 2098 356 2160 terum
377 2113 467 2158 nunc
494 2087 798 2183 praetermittamus
813 2071 1070 2184 argumentum,
1089 2085 1184 2187 quod
1294 2077 1298 2085 ¹

245 2221 302 2296 hic
324 2235 421 2320 urget
457 2242 701 2301 nnnuonrios
731 2221 807 2319 (3)
830 2247 917 2296 nova
942 2222 1069 2296 scilicet
1094 2249 1184 2296 non-

247 2360 332 2434 dum
361 2359 546 2433 Constituto
573 2371 606 2432 et
632 2358 744 2460 agnita
773 2357 960 2460 Republica
988 2361 1034 2434 ab
1072 2361 1182 2437 Ordi-

248 2526 332 2574 num
354 2525 490 2601 quoque
516 2511 706 2588 conventu,
729 2500 821 2573 nulla
844 2512 1009 2599 potestate
1045 2500 1185 2602 legisla-

250 2643 334 2713 toria
352 2638 538 2732 insignito,
573 2636 726 2742 obrogari
754 2651 813 2711 aut
838 2636 1001 2736 suspendi
1033 2641 1185 2738 supremi

249 2778 444 2877 imperantis
468 2777 561 2875 leges
585 2801 653 2850 non
679 2778 842 2878 potuisse.

255 3001 260 3010 .
298 2915 368 2992 Sed
387 2943 497 3019 neque
520 2893 659 3017 posteo,
682 2917 765 2992 inita
790 2917 926 2994 Unione
949 2919 1189 3017 Ultrajectim‚

252 3055 296 3131 de
318 3055 539 3156 ‘abrogandis
581 3058 648 3130 illis
683 3056 817 3155 legibus
860 3057 995 3149 solliciti
1039 3054 1188 3128 Ordines

237 3199 388 3286 ‹luerunt
411 3196 505 3296 (4);
529 3207 662 3268 etcum
696 3205 815 3294 sponte
834 3183 986 3292 profecto
1007 3206 1086 3292 post
1108 3217 1191 3268 mu-

1139 3343 1196 3404 h-

271 3403 348 3523 'm
367 3449 411 3501 Cf.
432 3402 507 3500 noun
528 3443 562 3498 ad
583 3447 716 3499 Laenium
732 3463 763 3516 p.
785 3463 836 3518 707
858 3453 886 3498 et
909 3446 970 3517 708·

292 3545 346 3610 (a)
370 3539 478 3592 Vaderl.
497 3536 619 3590 Historia
639 3535 689 3593 vl.
706 3556 736 3606 p.
758 3552 817 3605 292.

293 3629 348 3698 (ὅ)
367 3630 436 3679 Over
456 3628 488 3678 de
501 3624 587 3681 Mitte.
607 3626 710 3678 Juried.
730 3627 791 3678 loeo
811 3639 887 3691 supro
908 3622 1010 3679 undet.

292 3717 343 3786 (4)
361 3715 462 3766 Contra
476 3716 598 3784 plurimis
613 3717 642 3768 in
662 3715 765 3768 Relictis
785 3714 864 3767 etiem
883 3718 972 3781 postea
994 3711 1088 3766 tirum
1104 3712 1191 3786 legun

255 3814 388 3875 tamquam
407 3820 462 3855 non
483 3805 667 3874 abrogatum:
686 3804 935 3865 mindonensem
952 3806 1076 3879 exemplis
1096 3807 1190 3863 doerit

256 3909 376 3954 voonoi
398 3895 418 3950 l·
440 3895 462 3950 l.
