2828 4964
639 306 725 365 Ξ
1118 298 1120 303 ’
1158 292 1197 351 n

288 485 353 564 His
389 484 512 587 igitur'
536 493 701 566 adductus
743 484 950 575 rationibus,
983 486 1053 581 jam
1094 481 1179 576 J'uris

240 644 389 719 Romani
410 649 637 736 Candidatus,
663 649 782 732 almam
815 647 901 718 hanc
926 644 1102 716 Musarum
1125 653 1181 717 sei.

239 804 318 876 dem
385 808 511 879 adveni.
571 807 696 900 Neque
753 805 861 876 multo
913 819 993 896 post
1049 797 1175 870 Gallici

240 984 380 1057 quoque
396 964 481 1056 juris
501 986 637 1035 examen
666 964 780 1035 subire
805 959 893 1034 haud
920 976 1097 1056 gravatus,
1117 977 1177 1026 an·

241 1139 290 1189 no
314 1118 452 1212 elapso,
473 1121 582 1192 voluit
619 1120 717 1192 Pater
754 1120 965 1204 carissimus,
1002 1135 1062 1200 ut,
1094 1134 1178 1209 conf

242 1279 370 1370 scripto
403 1282 587 1371 specimine
611 1279 778 1372 juridica,
806 1277 978 1369 utriusque
1003 1274 1088 1367 juris
1115 1294 1176 1366 pe.-

243 1452 348 1504 terem
370 1435 597 1508 doctoratum.
644 1435 768 1506 Verum
789 1454 894 1527 quum
915 1435 949 1503 in
967 1427 1177 1522 disciplinis,

242 1590 348 1660 rnodo
373 1593 583 1677 memoratis,
605 1613 672 1662 non
705 1592 782 1663 satis
812 1612 866 1660 me
892 1588 1079 1681 profecisse
1103 1609 1181 1659 sen·

243 1746 339 1816 tirem
351 1744 838 1835 etcommilitonumamicitia,
858 1748 1073 1839 civiumque,
1087 1754 1185 1838 quoi·

239 1924 313 1974 rum
339 1904 486 1996 hospitio
505 1903 661 1993 fruebar,
688 1908 810 2000 insigni
828 1906 1031 1978 humanitate
1060 1904 1174 1977 delec-

241 2080 345 2148 tarer,
369 2063 411 2132 ab
430 2064 562 2156 optimo
580 2063 676 2134 Patre
709 2065 883 2154 impetravi
911 2083 970 2148 ut,
997 2084 1058 2154 per
1090 2064 1174 2131 inte·

240 2237 336 2310 grum
359 2217 467 2287 adhuc
501 2239 621 2288 annum
649 2218 706 2288 hic
735 2218 920 2288 studiorum
942 2239 1040 2289 causa
1077 2239 1172 2290 cont·

238 2377 419 2444 memorari
437 2376 518 2446 mihi
544 2375 670 2447 liceret.
709 2375 800 2469 Ego
816 2395 922 2459 vero,
948 2395 988 2445 ut
1016 2373 1174 2445 industri-

238 2553 277 2602 ae
307 2533 471 2604 adhibitae
516 2531 718 2605 luculentius
759 2532 950 2625 praeberem
986 2530 1171 2605 documen·

197 2648 200 2653 .
238 2708 332 2775 tum,
374 2693 489 2780 recepi
523 2687 626 2760 Nlore
657 2688 831 2783 Majorum
878 2689 1016 2784 gradum
1069 2689 1167 2773 Docv

238 2848 321 2917 totis
339 2869 392 2917 me
413 2868 485 2918 esse
511 2850 761 2939 capessiturum.

286 3005 451 3076 Coactum
462 3007 563 3098 igitur
574 3027 625 3076 me
636 3007 885 3099 vidipromissis
895 3027 979 3080 stare
990 3033 1002 3095 ς
1015 3009 1108 3102 quod
1123 3033 1168 3084 eo

233 3163 404 3236 lubentius
446 3163 563 3250 facio,
597 3185 669 3259 quo
693 3164 799 3258 major
831 3163 938 3238 Patris
980 3167 1168 3263 benignitas

236 3340 328 3416 patet
343 3323 377 3391 in
405 3320 627 3392 concedendis
643 3323 821 3408 omnibus,
853 3342 959 3415 quaa,
991 3323 1168 3407 adactum

234 3478 327 3550 hunc
358 3476 539 3546 solemnem
564 3479 626 3546 rite
660 3497 693 3544 et
718 3477 866 3570 legitime
903 3477 1172 3568 perficiendum,

234 3640 301 3710 sint
330 3633 524 3708 necessaria.
573 3631 690 3726 Quum
718 3633 806 3702 enim
822 3630 890 3723 jam
919 3652 1031 3703 mense
1058 3634 1167 3708 Octo.

230 3797 285 3870 bri
316 3792 484 3886 praeteriti
522 3792 597 3862 anni
631 3792 665 3859 in
694 3809 738 3860 eo
777 3810 906 3874 essem,
947 3810 985 3862 ut
1015 3793 1169 3888 disputa.

231 3957 358 4039 donem
394 3972 502 4025 meam
530 3949 572 4037 de
596 3970 878 4037 conculcamus.
926 3973 1167 4036 uuratramus

1114 4132 1168 4192 δὲ·
