2828 4964
415 368 460 446 16
615 368 840 445 SPECIMEN
866 360 1126 446 JURlDICUM

411 573 488 646 ritas
540 586 718 661 cresceret,
761 571 840 671 (1)
882 598 969 647 nova
1014 573 1138 645 exstitit
1178 573 1346 671 paulatini

410 736 522 784 rerum
553 712 678 802 facies3
719 737 838 784 verum
868 736 906 782 en
938 710 1028 808 apud
1054 709 1201 782 diversas
1224 728 1346 811 gentes

410 863 445 930 et
469 874 704 947 progressuum
726 848 890 921 celeritate
916 861 950 921 et
981 848 1153 921 effectibus
1176 851 1259 948 ipsis
1279 850 1345 923 ad-

410 987 550 1060 modum
574 986 725 1075 diversn,
760 999 798 1058 ut
830 1012 897 1056 non
925 997 1056 1057 tantum
1083 1010 1146 1084 pro
1167 988 1257 1060 vitae
1279 1013 1347 1087 ge*

411 1151 491 1209 nere
510 1124 594 1196 aliae
619 1138 734 1222 gentes
753 1123 905 1212 diutius,
932 1147 1035 1223 quam
1057 1124 1139 1195 aliae
1157 1125 1192 1196 in
1209 1125 1346 1221 primo,

412 1264 505 1362 quod
528 1262 689 1352 diximus,
718 1263 805 1336 vitae
829 1260 936 1336 civilis
956 1259 1062 1332 stadio
1088 1276 1316 1359 permanerent
1328 1288 1347 1352 5

417 1427 534 1477 verum
558 1403 658 1474 etiam
688 1425 749 1499 pro
771 1400 911 1498 ingeniis
928 1399 1082 1497 gentium
1107 1399 1348 1498 moribusque,

413 1543 485 1621 sive
504 1542 587 1614 ae'ris
612 1540 789 1636 temperie,
819 1538 889 1612 sive
909 1537 1034 1609 ratione
1058 1536 1161 1626 vitae,
1181 1536 1350 1638 adquam

412 1679 488 1765 soli,
520 1675 612 1775 quod
634 1674 844 1765 habitabant,
872 1687 987 1748 natura
1003 1699 1059 1748 eos
1078 1690 1292 1766 assueverat,
1312 1691 1349 1750 et

415 1813 512 1914 quasi
530 1812 716 1899 effinxerat,
741 1811 900 1902 diversis,
926 1814 1072 1887 faciliora
1091 1816 1201 1887 multo
1219 1828 1253 1888 et
1272 1841 1349 1887 mn-

416 1955 486 2050 jora
506 1952 706 2034 incrementa
737 1961 867 2050 caperet
892 1952 942 2026 vis
977 1965 1010 2024 et
1032 1953 1209 2051 auctoritas
1236 1955 1349 2052 impe*

416 2091 560 2165 mutium
583 2088 672 2188 apud
703 2115 822 2179 unam,
846 2116 948 2188 quam
970 2090 1061 2187 apud
1079 2091 1178 2162 aliam
1198 2104 1350 2190 gentem,

463 2229 623 2303 Diversae
638 2229 741 2326 igitur
757 2253 848 2301 nune
872 2229 972 2299 etiam
984 2229 1146 2324 parrlatim
1166 2229 1351 2303 nasceban-

418 2381 472 2440 tur
492 2368 625 2466 imperii
647 2368 796 2454 formae,
834 2377 872 2435 ut
900 2363 1057 2436 facillime
1092 2365 1230 2463 quidem
1266 2368 1353 2440 aliae

421 2519 540 2603 gentes
562 2529 700 2576 onmem
728 2503 956 2575 auctoritatem
988 2502 1134 2577 civitatis
1150 2525 1152 2531 ·
1166 2507 1201 2577 in
1218 2506 1353 2605 singu«

421 2643 490 2730 los,
524 2654 559 2721 et
579 2639 741 2737 judicium
769 2640 854 2712 adeo
878 2641 992 2739 ipsum
1017 2641 1060 2716 de
1088 2643 1354 2723 finibusaucto·

419 2781 526 2852 ritatis
549 2778 662 2867 itlius,
694 2775 829 2850 arbitrio
848 2754 953 2851 nnius
986 2780 1230 2880 relinquerent,
1262 2780 1354 2883 apud

424 2916 503 2987 alias
536 2941 616 2987 vero
651 2941 718 2987 non
759 2917 824 2988 nisi
849 2916 957 2988 lentae
989 2917 1208 3020 difficilesque
1231 2922 1355 2997 fuerint

416 3052 624 3131 auctoritatis
668 3054 822 3154 publicae
872 3051 916 3127 de
954 3056 1165 3159 singulorum
1204 3059 1357 3135 libertate

1200 3229 1201 3233 ’
1289 3201 1361 3276 vio-

463 3328 597 3401 (1)Non
617 3329 729 3398 vulgaris
757 3330 883 3398 ejusmodi
910 3333 1081 3400 reparationis
1101 3335 1236 3402 potestatis
1255 3337 1355 3400 militm

426 3420 464 3472 ris
483 3427 510 3471 et
535 3420 621 3472 civilis
640 3420 670 3469 in
691 3417 789 3484 primae
810 3420 879 3470 vitae
898 3421 985 3471 civilis
1004 3422 1182 3477 incunabulis,
1214 3429 1358 3493 exemplum

416 3509 526 3574 ‘illustre
547 3509 623 3561 nubis
645 3507 811 3560 conservavit
834 3519 972 3573 utemur,
995 3523 1151 3561 annuam
1175 3515 1243 3583 Cap.
1267 3533 1294 3586 7.
1313 3514 1356 3569 ubl

418 3603 553 3669 ‚majorum
566 3600 682 3652 instituta
699 3614 829 3664 exponens
842 3596 923 3651 dicit:
947 3616 1023 3666 reges
1042 3617 1074 3649 ex
1089 3600 1255 3658 nobilitato,
1281 3607 1357 3656 dum

428 3687 526 3734 virtute
552 3696 667 3742 sumunt.
699 3688 757 3738 Ne'c
783 3687 892 3755 regibus
917 3687 1029 3755 infinite
1052 3699 1192 3760 potestas,
1231 3703 1259 3746 et
1283 3696 1363 3749 duct&

414 3773 547 3841 ²etcerraplo
558 3777 668 3845 potina,
686 3792 766 3846 quam
778 3776 904 3844 imperio·
991 3837 993 3839 ,
