2828 4964
505 339 928 429 rnatu&
1102 347 1181 438 ,w

649 553 688 624 X
712 548 799 626 IX.

245 690 370 773 Poena
388 693 601 784 Peouniaria,
628 719 730 794 quam
761 699 902 791 propter
933 689 1054 764 falsum
1082 688 1186 791 exigit

303 832 460 904 artiotrlm
492 828 556 903 164
576 828 616 903 G.
639 828 680 902 P.
697 828 761 918 G.,
783 851 852 900 non
880 826 923 899 iis
946 823 1079 901 videtur
1094 826 1187 899 inlli-

247 988 250 994 ·
301 966 412 1068 ganda
437 967 498 1070 qui
522 978 743 1067 peecaverunt
764 965 802 1038 in
824 966 1004 1038 ardentum
1040 986 1120 1038 ιιι.

530 1152 536 1164 ·
665 1103 772 1215 XX.

257 1242 448 1317 laudamus
482 1244 660 1319 articulum
694 1243 739 1345 67
774 1244 859 1345 legis
895 1253 1025 1317 nostrae
1060 1236 1185 1314 tundo-

238 1428 241 1432 -
302 1382 470 1459 mentalis.

647 1520 684 1594 X
706 1522 742 1593 X
764 1523 793 1598 Ι.

239 1659 318 1736 -Uti
348 1660 468 1758 judicis
497 1685 565 1735 non
597 1675 648 1736 est
676 1665 881 1761 aequitatem
921 1660 982 1735 sed
1014 1661 1108 1760 leges
1132 1669 1187 1732 at·

305 1799 463 1889 tendere,
486 1802 531 1873 ita
549 1802 631 1900 ipsis
648 1799 889 1900 imperantibus
913 1825 981 1874 non
1000 1800 1112 1873 licata
1131 1799 1186 1872 le-

275 1936 401 2038 -grbus
447 1937 769 2029 fundamentalibus,
814 1938 939 2038 quibus
973 1932 1186 2032 jurejurando

303 2100 340 2147 se
370 2075 632 2162 obstrinxerunt,
656 2076 711 2148 vel
732 2074 835 2172 paulo
862 2072 1038 2160 recedere,
1062 2097 1186 2171 easque

302 2209 632 2310 interpretationibus
660 2208 816 2298 eludere,
836 2234 880 2280 ne
908 2207 953 2280 ob
973 2207 1183 2306 probabilem

234 2394 238 2403 ·
302 2351 442 2452 quidem
472 2350 616 2425 ciuitatis
642 2349 781 2422 salutem
793 2399 807 2442 ,
837 2346 1103 2424 veluntatem

624 2489 663 2560 X
689 2490 721 2559 X
745 2489 818 2570 ΙΙ.

255 2628 360 2729 Quod
387 2629 521 2728 imperii
546 2628 655 2704 civilis
679 2629 750 2701 vim
775 2652 815 2699 ae
849 2626 953 2701 robor
986 2625 1109 2727 frangit
1137 2625 1186 2699 ti·

299 2769 436 2841 bertatis
467 2766 638 2854 studium,
661 2764 746 2838 illud
772 2763 848 2864 plus
884 2766 1008 2839 civium
1037 2763 1183 2839 libertati

299 2921 401 3002 atque
422 2906 641 2980 incolumitati
666 2903 803 2993 adimit,
828 2931 930 3003 quam
956 2902 1085 2981 tribuit.
1150 2919 1155 2928 '

601 3046 638 3115 X
663 3043 698 3114 X
722 3045 740 3115 Ι
763 3045 781 3115 Ι
804 3045 833 3119 Ι.

246 3185 351 3273 ¹Nulla
388 3184 589 3283 aequalitas,
628 3183 719 3255 nulla
754 3181 890 3256 libertas
927 3180 1077 3257 absoluta
1111 3195 1181 3273 est,

294 3323 356 3395 sed
379 3337 554 3422 utramque
592 3334 706 3393 natura
737 3320 833 3416 justis
864 3320 987 3435 finibus
1028 3321 1180 3394 eircum-

294 3461 442 3561 scripsit.
488 3458 560 3532 Hos
592 3461 675 3530 fines
710 3457 936 3530 acuretissime
956 3440 1113 3532 delinire
1140 3481 1181 3533 ao

294 3601 381 3674 tueri
404 3624 536 3672 summa
564 3594 760 3700 legislatoris
788 3592 966 3695 prudentia
996 3607 1057 3671 est.

699 3824 802 3952 ss
1012 3872 1179 3954 ιιιιιν.
