2828 4964
454 310 456 315 ’
498 295 918 377 INAUGURALE.
1145 300 1191 378 55

646 600 676 698 §-
727 599 762 703 ‚⁶-

315 904 451 975 Utrum
484 887 667 977 Francicu
690 911 780 995 jam
820 920 941 978 aetate
974 907 1103 1002 aliqua

365 1044 493 1136 suerit
516 1056 595 1116 tum
603 1048 712 1142 juris
732 1049 929 1118 statutarii
951 1060 1030 1118 tum

503 1183 665 1256 Romani
697 1187 912 1261 auctoritas.

283 1485 395 1587 Atque
424 1487 460 1561 hi
490 1486 630 1586 quidem
657 1487 705 1560 uti
733 1485 902 1588 principes
931 1501 1008 1561 sunt
1040 1498 1074 1560 et
1098 1488 1173 1586 pri·

234 1625 333 1698 marii
344 1627 451 1700 fontes
466 1624 642 1724 exquibus
656 1625 785 1726 Belgici
800 1629 882 1726 juris
896 1627 1043 1700 conditio
1061 1628 1171 1699 Fran·

175 1835 177 1839 ,
234 1762 306 1835 cica
344 1777 450 1837 aetate
493 1766 517 1839 i.
565 1789 594 1838 e.
625 1763 705 1838 inde
737 1789 757 1836 a
797 1766 902 1839 fracto
938 1766 1169 1855 Romanorum

232 1900 376 1998 imperio
403 1901 447 1977 in
473 1902 643 1977 occidente
668 1903 726 1979 A0.
757 1903 837 2002 476.
859 1903 1028 2004 usquead
1054 1887 1166 1977 medi·

231 2063 292 2110 nm
316 2043 385 2113 fere
418 2042 589 2114 saeculum
612 2040 804 2128 decimum,
841 2040 1069 2138 cognoscenda
1093 2052 1166 2131 θεὶς

230 2178 278 2249 ita
308 2176 432 2276 duplex
456 2191 588 2252 tantum
618 2174 661 2248 de
687 2175 753 2248 hoc
784 2177 860 2249 loco
890 2191 1043 2275 superest
1070 2178 1166 2252 diffi-
1231 2235 1241 2247 ,μ

230 2314 352 2390 cultas.
399 2316 508 2390 Altera
529 2314 572 2388 de
587 2315 796 2417 quaestione,
820 2327 933 2389 utrum
958 2318 1048 2411 jura,
1080 2340 1168 2418 quac

230 2452 406 2547 diximus,
431 2481 494 2554 per
523 2455 693 2555 integrum
719 2453 921 2527 territorium
946 2452 1002 2529 vel
1029 2453 1170 2527 Franci«
1220 2454 1222 2463 ’

230 2616 309 2665 cum
337 2593 394 2669 vel
409 2593 604 2666 -Frisiacum
634 2590 902 2680 observarentur,
944 2617 986 2664 an
1018 2617 1100 2666 vero
1132 2597 1169 2666 et

231 2731 371 2829 insuper
402 2754 440 2802 ea
466 2732 535 2829 jam
572 2742 698 2818 aetate,
717 2728 896 2830 singularia
924 2729 960 2801 in
988 2715 1169 2828 singulari·

230 2867 296 2940 hus
335 2866 492 2942 tractibus
529 2867 685 2942 territorii
716 2871 789 2968 jura
833 2868 1016 2960 valuerint3
1063 2871 1166 2944 altera
1218 2969 1220 2973 ι

227 3031 309 3082 vero
334 3005 377 3080 de
410 2991 553 3081 Romani
583 3007 664 3105 juris
698 3009 902 3084 auctoritate.

276 3146 378 3238 Quod
402 3162 516 3222 autem
544 3145 588 3220 ad
611 3149 761 3247 primum
791 3147 934 3237 attinet,
956 3146 1054 3218 nobis
1086 3146 1169 3238 qui·

231 3282 312 3354 dem
335 3309 403 3357 non
425 3310 547 3384 magna
578 3310 650 3365 esse
678 3286 854 3358 difficultas
884 3286 1038 3376 videtur,
1061 3282 1166 3363 modo

230 3418 319 3490 bene
343 3419 575 3517 distinguatur.
623 3419 660 3492 Si
687 3423 778 3493 enim
804 3423 847 3493 de
864 3422 992 3520 juribus
1021 3422 1164 3519 propriis

230 3556 384 3656 quaestio
412 3555 510 3628 sitin
532 3555 728 3653 scripturam
749 3556 908 3646 redactis,
932 3571 1060 3631 certum
1088 3584 1166 3632 om-

230 3699 313 3801 nino
339 3707 409 3790 est,
437 3720 479 3769 ex
507 3693 564 3768 illa
586 3705 691 3767 aetate
720 3692 851 3768 nullum
868 3695 1029 3794 ejusmodi
1057 3698 1166 3800 scrip-
1258 3667 1261 3672 Ι

1093 3852 1169 3915 tum
