2828 4964
177 380 229 455 92
390 350 620 427 sanenmn
639 352 898 448 Joraoremr

181 570 288 646 esset,
331 581 464 654 semper
491 557 560 628 fere
586 581 663 626 reus
690 556 744 628 vel
770 555 922 654 legitime
952 556 1125 656 interpel-

179 694 328 783 labatur,
363 694 419 767 vel
448 694 534 765 ultro
559 717 595 765 se
622 693 783 766 offerebat
806 695 1022 791 jurejurando
1051 697 1121 769 oba

179 836 306 931 jectum
330 833 455 906 crimen
475 833 598 905 eluere.
636 830 691 919 Si,
721 834 881 930 praestito
908 837 1119 929 juramento,

178 971 401 1045 innocentiam
428 995 523 1040 snam
547 981 740 1057 testaretur,
777 971 892 1042 statim
915 973 1121 1047 absolveba-

187 1070 241 1181 rui
261 1103 345 1206 (ι).
390 1106 483 1179 Talis
515 1096 620 1177 forma
642 1107 791 1178 criminis
825 1109 978 1183 diluendi
1013 1112 1119 1182 inno-

178 1245 387 1344 centiamque
408 1243 586 1340 injudicio
614 1243 779 1332 testandi,
816 1248 888 1342 jure
916 1250 1017 1319 etiam
1042 1251 1117 1320 Ee-

179 1385 360 1460 clesiastico
391 1398 522 1482 recepta
548 1394 582 1454 et
607 1382 820 1481 comprobata
851 1386 917 1456 fuit
948 1385 1035 1484 (2).

226 1525 342 1615 Quum
355 1536 488 1610 nutem,
505 1524 666 1620 corruptis
681 1520 896 1610 hominibuS,
912 1546 1014 1613 saepe
1032 1551 1115 1597 evo-

176 1661 282 1745 niret,
305 1661 405 1731 talem
423 1659 564 1732 modurn
589 1661 637 1731 rei
659 1660 714 1733 vel
731 1665 872 1733 accusati
896 1664 1114 1760 jurejurando

174 1795 358 1896 purgandi,
403 1799 492 1870 viam
528 1797 637 1869 fraudi
672 1811 705 1871 et
735 1799 925 1897 impunitati
962 1804 1112 1897 aperire,

175 1946 310 2007 cautum
328 1933 410 2021 suit,
426 1919 473 2004 'ut
492 1932 570 2006 huic
587 1936 677 2007 malo
701 1951 944 2021 occurreretur,
964 1939 1110 2034 religion

175 2099 215 2148 so
230 2087 388 2172 apparatu
416 2073 675 2172 solemniterque
695 2077 876 2170 juramenta
897 2076 966 2147 fore
987 2101 1110 2173 praes-

174 2212 294 2303 tanda,
317 2215 362 2287 ita
383 2225 438 2302 ut,
461 2210 526 2285 hoe
543 2211 664 2300 modo,
686 2216 795 2311 major
813 2227 976 2286 constaret
996 2237 1110 2286 saera-

173 2351 498 2438 mentoreverentia,
520 2363 554 2422 et
573 2352 621 2421 rei
633 2349 868 2423 velneeusatia
879 2354 1027 2449 perjurio
1045 2380 1112 2425 ve·

171 2489 360 2562 hementins
384 2487 626 2561 deterrerentur
645 2489 659 2586 (
671 2491 694 2561 5
707 2487 731 2575 l.
756 2488 825 2561 Sed
846 2492 900 2563 vel
923 2492 971 2562 sic
1000 2517 1107 2588 appa-

170 2626 239 2703 ruit
264 2650 339 2713 eos,
367 2627 426 2723 qui
445 2624 659 2722 jurisjurandi
696 2627 906 2699 sanctitatem
937 2627 1106 2702 audebant

171 2779 404 2853 contemnere,
449 2784 516 2836 non
563 2763 657 2835 facile
695 2766 901 2838 commoveri
941 2767 1108 2862 religiosis

171 2900 435 2976 solemnitatibus
443 2951 454 2990 ,
462 2926 546 2997 quae
553 2901 764 2996 jurisjurandi
776 2904 991 2999 praestationi
1002 2932 1103 2976 aece-

171 3039 309 3115 debant:
332 3039 432 3138 longe
456 3038 547 3110 enim
565 3039 679 3138 plnres
698 3038 853 3112 homines
874 3041 964 3115 inter
993 3042 1106 3116 delin-

829 3240 833 3253 .
926 3198 929 3203 ’
996 3207 1109 3280 quen-

206 3395 261 3468 (ι)
274 3384 345 3463 leg·
364 3393 500 3462 Burgund.
525 3393 555 3445 Τ.
578 3393 603 3444 8.
624 3402 651 3445 et
669 3391 712 3445 45.
738 3393 803 3462 leg.
830 3387 957 3448 Alcman.
981 3385 1041 3448 ru.
1059 3396 1104 3467 89.

172 3487 240 3556 teg.
260 3488 328 3539 Ber.
353 3477 411 3536 Tit.
428 3487 454 3537 8.
476 3497 498 3556 ς.
519 3486 536 3535 5
555 3493 583 3536 et
605 3501 631 3554 ᾳ.

207 3576 258 3642 (α)
280 3575 340 3626 Tot.
359 3577 404 3629 rit,
424 3573 606 3626 Decretalium
627 3573 660 3623 de
680 3571 842 3641 purgatione
860 3585 962 3624 canon.

206 3660 259 3731 (5)
277 3662 421 3716 nncrnea
438 3664 518 3734 glore.
539 3680 595 3718 roe.
607 3665 812 3732 juramentum.
846 3659 911 3723 701.
930 3661 956 3719 5.
973 3679 1008 3735 p.
1031 3665 1107 3738 16⁰7.

172 3747 237 3802 edit.
255 3751 394 3805 Benediet.
