2828 4964
228 325 276 410 54
438 327 669 407 SPECIMEN
690 325 953 407 JURlDlCUM

234 536 317 615 mihi
333 546 445 609 contra
456 535 565 607 multo
579 531 973 632 probabiliusvideatm,
987 534 1183 636 ermipaam

237 674 281 748 ob
309 698 444 746 causam
472 672 599 745 Frioios
624 671 715 769 ipsos
740 670 827 746 illud
849 675 904 770 jus
924 673 961 745 in
982 674 1181 774 scripturam

237 796 426 912 redegisse,
460 823 498 885 ut
516 835 560 884 ne
583 811 763 884 Francime
782 810 875 910 loges
893 837 973 883 curu
1000 812 1182 887 Frisouum

235 958 309 1052 jure
342 951 504 1050 paulatim
546 946 841 1022 confunderentur.
901 951 1022 1052 Neque
1059 976 1184 1052 parum

235 1090 314 1163 huic
339 1091 546 1186 conjecturae
568 1088 771 1161 auctoritatis
795 1110 835 1158 ex
865 1111 906 1160 eo
933 1088 1181 1166 accederevi-

241 1227 356 1317 detur,
395 1225 488 1327 quod
510 1228 552 1307 set
588 1238 666 1323 post
699 1225 890 1298 Francicam
925 1229 1182 1325 occupationem

240 1391 348 1467 usque
381 1363 424 1437 ad
461 1364 631 1435 saeculum
671 1363 841 1438 decimum
885 1377 1041 1462 quartum
1085 1367 1180 1464 leges

241 1505 527 1599 uluntalhomioae
555 1527 623 1575 non
642 1503 900 1590 cessaverint,a
923 1502 1048 1602 quihus
1069 1505 1182 1602 pluri-

236 1671 292 1716 ma
322 1645 502 1714 Frisouum
532 1643 604 1739 jura
627 1641 774 1740 profecta
799 1641 922 1729 suisne,
957 1641 1073 1738 piures
1101 1667 1182 1714 mo-

238 1794 383 1854 nuerunt
415 1778 502 1877 (1)
551 1779 715 1868 Quamuis
747 1804 814 1850 nou
860 1779 1051 1878 negaverim
1086 1804 1180 1881 quo-

237 1945 302 2019 que
336 1932 414 2017 post
441 1918 633 1989 Francicam
666 1917 760 1989 illam
791 1917 1061 2014 occupationem,
1095 1942 1176 1988 rua-

236 2062 356 2159 gisque
381 2058 415 2129 iu
437 2057 510 2129 diea
531 2053 575 2128 ad
601 2057 630 2128 F
630 2056 763 2129 risiacas
786 2054 919 2154 proprie
937 2051 1062 2143 dictas,
1083 2053 1178 2128 Gro-

234 2199 462 2297 ninganasque
494 2196 648 2293 regiones
690 2195 922 2267 auctoritatem
957 2193 1094 2268 illorum
1120 2197 1178 2291 ju-

234 2338 322 2412 rium
350 2337 534 2409 restrictam
554 2333 671 2406 fuisse.
1066 2326 1068 2328 ’

1079 2471 1110 2568 9.
1138 2468 1176 2546 a.

273 2699 325 2785 (a)
344 2711 387 2769 cf.
408 2726 530 2768 wlnnna
558 2732 619 2767 ovar
638 2715 689 2767 den
710 2714 829 2786 landdag
853 2716 902 2770 der
920 2718 1032 2770 Rima
1052 2715 1086 2767 C.
1107 2732 1132 2772 ι.
1151 2722 1177 2769 et

238 2816 374 2858 numam
396 2805 428 2855 11.
449 2822 477 2871 p.
500 2802 549 2874 296
566 2814 593 2854 at
607 2821 680 2875 seqq.
716 2805 819 2858 Nomen
836 2815 920 2858 autam
933 2808 995 2860 illae
1008 2809 1096 2878 legen
1112 2825 1178 2876 qua·

236 2910 294 2945 rum
308 2893 449 2943 nonnullae
469 2893 638 2945 inveniuntur
654 2893 722 2962 apud
736 2907 866 2947 saccum
887 2894 917 2948 ll.
939 2904 1000 2965 port
1012 2895 1098 2968 legem
1112 2896 1176 2948 Fri·

236 3001 346 3044 aommr,
371 2992 538 3044 aeonreutu
552 2984 700 3053 principum
719 2987 837 3038 virorum
859 2987 887 3038 in
908 2989 950 3039 val
978 2986 1049 3055 apud
1069 2985 1174 3056 uprtal·

236 3073 366 3135 lisbome,
382 3089 464 3143 prope
478 3073 639 3129 Amidam,
664 3074 693 3126 in
713 3075 863 3144 Ooatfrr'aia
879 3074 1059 3130 haberirolito
1074 3075 1173 3127 duxim

234 3162 365 3218 ridentur.
400 3159 470 3216 Salia
486 3171 569 3215 autern
584 3163 768 3216 verosimiliter
781 3165 988 3235 verbumfipaurn
1004 3166 1171 3233 compositum

236 3270 288 3305 erac
303 3250 382 3304 docet
395 3266 531 3307 armentu
551 3254 580 3307 11.
595 3273 621 3321 p.
637 3253 688 3305 205
702 3262 729 3307 at
748 3270 820 3327 seqq.
836 3273 869 3308 ex
883 3256 993 3325 antiquo
1014 3257 1077 3325 Upi
1092 3269 1171 3308 orer»

235 3358 315 3412 opper
330 3349 356 3393 et
380 3343 441 3394 star
449 3371 457 3398 r
480 3361 533 3412 quo
548 3346 692 3412 antiquiror
710 3347 783 3398 locam
797 3347 892 3415 judicii
905 3346 1122 3415 significabatur,
1137 3343 1173 3394 it·

235 3441 264 3484 ut
292 3433 490 3502 upatallomica
520 3436 564 3486 lex
592 3432 677 3504 legem
705 3435 836 3504 aignitlcet
861 3437 899 3488 ad
915 3435 1041 3488 arborem
1058 3429 1176 3507 supremi

227 3525 333 3587 judicii
354 3525 451 3581 latam.
