2828 4964
427 304 443 442 J
500 310 910 426 tununnensis.
1132 334 1180 418 et

231 522 301 603 Has
329 527 434 627 igitur
463 521 678 623 probationes
698 545 817 595 omnes
840 533 929 594 recte
945 538 1173 597 esculentus

232 664 379 753 definit,
429 629 734 758 disquisitiones,
775 659 907 756 quibus
946 661 1084 733 veritae
1119 662 1177 735 rei

231 804 448 875 humanitus
495 800 760 896 iueqqlicubilis
822 780 967 871 eventui
1015 811 1174 891 praeter·

232 954 413 1014 naturam
472 941 748 1035 mam‘festauda
799 938 1038 1032 permittitur
1094 931 1179 1036 (ι).

284 1082 356 1154 Nec
384 1078 501 1180 religio
530 1080 602 1178 ipsa
631 1103 776 1179 parum,
807 1076 851 1151 ad
873 1078 1054 1154 fovendam
1085 1077 1180 1150 illam

234 1231 271 1292 et
295 1215 559 1292 conservandam
589 1243 630 1289 ex
659 1215 895 1315 superstitione
933 1229 968 1288 et
994 1215 1182 1315 ignorantia

236 1357 421 1458 profectam
444 1352 610 1453 probandi
640 1353 822 1444 rationem,
854 1354 969 1430 valuit.
1019 1353 1088 1446 Qui
1118 1353 1182 1425 ab·

239 1492 437 1567 surditatem
463 1493 513 1565 rei
543 1491 794 1591 intelligebant,
828 1493 1033 1594 melioraque
1061 1507 1095 1568 et
1126 1494 1183 1570 vi·

237 1631 364 1705 debant
392 1646 426 1706 et
451 1629 657 1731 probabant,
693 1631 854 1705 deteriora
885 1603 980 1732 sequi
1013 1656 1081 1706 non
1106 1656 1184 1705 ces·

236 1769 376 1861 sabant,
416 1798 495 1844 cum
528 1771 583 1846 vel
606 1769 643 1844 id
669 1771 782 1870 ipsum
814 1773 887 1844 sine
926 1772 1076 1872 periculo
1111 1799 1180 1847 non

239 1922 345 2000 esset,
378 1907 536 1983 Divinam
570 1909 607 1982 in
634 1908 686 1982 his
714 1908 873 1984 omnibus
903 1911 1185 1986 interventionem

240 2048 277 2123 in
298 2046 440 2120 dubium
466 2071 634 2122 revocare.

293 2187 412 2284 Neque
430 2181 475 2255 ad
491 2180 761 2254 emendationem
785 2176 914 2283 aliquid
934 2183 1063 2282 magis,
1084 2207 1189 2284 quam

241 2324 350 2423 ipsius
379 2298 459 2395 mili
485 2319 663 2395 enormitas
699 2322 856 2411 contulit,
895 2335 1077 2424 postquam
1107 2348 1184 2395 sae·

238 2462 319 2564 pius
348 2461 575 2562 apperuisset,
601 2486 670 2534 non
704 2473 836 2534 tantum
866 2436 1060 2537 innocentes
1083 2465 1187 2551 etiam

244 2602 282 2676 in
312 2599 478 2697 ejusmodi
503 2597 636 2698 judiciis
657 2574 875 2672 succumbere
905 2626 1024 2700 posse,
1067 2596 1193 2681 nerum⁴

246 2751 282 2810 et
302 2738 394 2837 ipsos
423 2743 581 2810 nocentes
605 2759 674 2810 non
702 2760 835 2839 semper
865 2741 913 2813 sic
939 2741 1074 2842 attingi,
1113 2744 1186 2820 sive

244 2875 397 2951 subdolis
424 2873 549 2950 artibus
568 2877 734 2978 ignoranti
761 2878 856 2980 plebi
879 2881 976 2955 fucus
995 2883 1107 2976 fieret,
1138 2887 1189 2956 si·

243 3039 287 3088 ve
322 3017 426 3096 solius
458 3028 593 3090 naturae
618 3044 684 3118 ope
709 3019 888 3118 aliquando
922 3020 1112 3109 accideret,
1153 3031 1189 3096 ut

242 3150 436 3252 hujusmodi
465 3158 692 3254 esperimenta
715 3158 874 3232 accusatis
899 3159 998 3232 noxia
1025 3183 1095 3231 non
1126 3183 1188 3231 ex·

243 3291 440 3392 sisterent(
488 3288 516 3386 ).

281 3497 333 3568 (1)
352 3503 526 3546 secuturam
547 3495 579 3547 dc
592 3495 711 3566 judiciis
721 3494 776 3546 Dat
793 3497 858 3567 Gap·
877 3497 907 3550 Ι.

282 3589 338 3662 (2)
364 3585 407 3641 cf.
431 3596 555 3638 mmt
576 3587 609 3640 de
629 3585 722 3636 ordine
733 3587 821 3655 judic.
845 3571 971 3666 orimus·
992 3600 1019 3666 9·

766 3821 800 3900 n
1101 3829 1189 3928 §.a
