2828 4964
336 362 787 452 innocentia·
963 375 1011 484 ⁸⁹.

66 579 161 653 Nam
174 592 214 652 et
226 577 311 651 illud
321 592 449 651 certum
469 591 520 651 cst
537 604 555 649 a
571 575 904 676 regibus'Fnaneicis,
919 596 1003 676 proi

70 741 167 786 ceres
184 717 313 814 saepius
330 717 365 788 in
380 718 669 790 consiliumfuisse
685 713 868 805 adhibitos3
885 726 1004 787 etom-

71 854 159 923 nino
174 865 318 941 constat,
340 855 478 927 comites
498 832 569 930 sive
585 856 749 952 grafioues
761 849 1004 947 sibiadjunctos

70 1014 254 1061 assessores
262 986 412 1063 hahuisse
420 1042 431 1080 ,
441 991 501 1064 sed
515 993 551 1063 in
560 1005 737 1064 eotautum
746 989 856 1062 omnis
871 1000 1007 1062 contro

70 1128 199 1231 versiae
208 1127 380 1202 difficultas
392 1144 557 1219 vomatur,
570 1142 684 1201 utrum
701 1127 765 1201 suh
784 1126 876 1227 regio
894 1127 1004 1198 Frau-

70 1264 143 1335 ciae
158 1267 301 1362 imperio
322 1266 507 1362 judicialis,
523 1292 608 1365 quae
618 1265 1005 1364 dicitur,p0testasinter

72 1400 230 1473 attributa
239 1401 329 1498 regia
342 1454 352 1490 ,
365 1429 495 1478 unvero
511 1404 598 1475 intes·
606 1404 760 1476 attributa
769 1427 948 1502 procerum
955 1401 1005 1472 si-

70 1564 116 1611 ve
130 1539 382 1636 populifuenit(
404 1565 417 1612 1
431 1537 468 1634 );
483 1540 591 1650 itaut
605 1542 707 1640 Regis
723 1542 817 1613 omui
832 1539 894 1612 hac
914 1541 951 1610 in
968 1563 1005 1610 ne
1077 1610 1082 1618 ,

70 1702 143 1746 non
166 1676 229 1746 nisi
251 1666 774 1775 exsecutivae,quaedicuntur,
798 1690 910 1777 partes
924 1672 1002 1749 fue-

70 1816 149 1885 rint.
197 1817 308 1913 Atque
328 1813 389 1886 hac
420 1814 558 1913 quidem
574 1817 611 1888 in
636 1818 881 1905 controversia,
909 1841 1000 1915 quo-

72 1953 185 2023 minus
214 1953 350 2024 alteram
378 1953 620 2051 amplectamur
638 1957 855 2044 senteutiam,
888 1968 924 2026 e't
943 1981 1000 2026 ar-

70 2101 249 2187 gumenta,
297 2114 382 2186 quae
416 2087 520 2158 modo
553 2091 838 2176 memoravimus,
882 2089 1023 2185 probi·

67 2227 153 2296 hent
177 2238 212 2297 et
237 2194 392 2296 universa
419 2237 612 2322 temporum
640 2225 776 2296 illorum
804 2223 906 2312 ratio,
946 2226 1002 2297 cui

66 2389 189 2464 parum
224 2388 301 2433 sane
333 2362 488 2436 convenit
514 2363 571 2434 illa
598 2361 640 2435 de
673 2361 862 2460 separandis
888 2360 1003 2435 diver-

53 2504 115 2587 sis
156 2500 402 2589 auctoritatibus
456 2500 624 2590 doctrina,
669 2526 771 2598 quam
814 2499 1000 2609 palladium

952 2640 1000 2724 li-

106 2891 156 2959 (at
174 2891 316 2944 Vocabulis
336 2890 408 2944 hisce
424 2908 564 2962 procerum
585 2898 612 2944 et
626 2891 724 2962 populi
738 2898 860 2960 tanquam
880 2891 995 2961 synoni·

65 2981 115 3033 mis
128 2983 182 3045 fere
196 2985 277 3040 utitur
290 2983 435 3035 consultiss.
452 2994 561 3034 mettun.
595 2983 685 3050 Neque
701 3000 763 3034 sane
787 2999 835 3032 nos
854 2998 993 3050 negamus·

66 3072 134 3137 apud
151 3074 291 3138 scriptores
311 3070 489 3136 antiquiores,
519 3078 545 3120 ct
564 3086 749 3136 nonnunquam
769 3070 834 3127 adeo
849 3069 878 3119 in
895 3069 1013 3137 legibus}

64 3161 127 3225 ipsis
142 3161 294 3228 quibusdam
315 3163 430 3228 antiquis
451 3178 479 3211 aa
495 3162 620 3217 vocabula
637 3163 773 3218 confundi.
810 3161 926 3225 Verum,
948 3161 996 3215 ubi

62 3252 96 3299 de
120 3251 314 3314 comparatione
343 3251 460 3316 quaestio
482 3259 521 3301 est
542 3251 611 3302 inter
631 3268 661 3302 ea
685 3269 751 3318 quae
774 3259 850 3314 suut,
885 3259 911 3302 et
939 3267 991 3311 ea.

64 3355 132 3404 quae
161 3340 282 3398 suerunt,
312 3339 404 3387 inutile
433 3339 552 3403 profecto
581 3355 634 3388 nou
652 3347 691 3390 est
720 3340 887 3402 observasse,
907 3356 994 3406 popu-

63 3429 120 3487 luni
147 3425 229 3489 ipsum
256 3427 370 3492 antiquis
395 3428 449 3482 illis
471 3428 643 3493 temporibus,
673 3428 719 3477 vix
748 3428 861 3492 aliquem
889 3435 993 3492 praeter

59 3519 199 3581 optimates
220 3512 287 3579 apud
313 3513 430 3564 Francos
457 3514 544 3566 fuisse.
577 3512 615 3564 Ut
637 3517 743 3565 omuino
770 3513 911 3564 cavendum
938 3515 991 3569 sits

61 3602 216 3656 nonomine
237 3610 314 3666 atque
338 3601 426 3652 verbis
446 3600 566 3665 decepti,
586 3618 635 3667 pro
657 3601 840 3652 democraticis
867 3602 992 3664 institutis

60 3691 220 3755 accipiamus
245 3707 276 3742 ac
296 3690 445 3749 laudemus,
471 3707 538 3760 quae
558 3707 648 3747 revera
670 3708 725 3744 uon
746 3691 799 3746 nisi
814 3693 992 3763 aristocraticq

63 3785 180 3852 suetam.

603 3874 644 3957 u
