2828 4964
253 382 254 385 ‘
306 340 734 448 'lnauuuaa'nn
961 332 1016 450 aas
1131 404 1138 422 ›

61 574 127 670 que
160 574 198 647 in
230 553 441 672 scripturam¹
468 573 644 663 redactas,
693 597 778 672 quae
812 593 852 646 ex
888 571 999 649 media

58 724 165 785 aetate
197 711 242 784 aal
274 737 336 785 nos
363 726 610 812 pervenerunt,
655 709 693 783 ⁴et
726 711 811 782 facta
849 711 998 810 singula,
1032 762 1034 766 -

61 873 150 948 quae
188 850 224 920 in
258 850 430 924 annalibus
466 838 553 925 illis
576 861 773 937 occurrunt,
816 845 899 921 nihil
936 848 999 938 sit,

61 985 158 1083 quod
189 988 223 1058 in
251 982 401 1063 examine
431 1004 546 1062 nostro
578 988 700 1060 ducere
729 1012 791 1059 nos
809 987 927 1085 possit.

107 1126 226 1226 Neque
252 1137 366 1200 tamen
388 1127 470 1201 haec
492 1128 561 1199 sola
579 1140 632 1201 est
645 1124 744 1224 hujus
771 1125 837 1198 loci
855 1124 1000 1198 difficul-

58 1273 128 1335 tas:
153 1284 231 1336 cum
260 1267 352 1337 enim
380 1291 419 1337 ea
433 1268 508 1364 ipsa
532 1265 575 1337 de
599 1289 636 1336 re
666 1264 875 1361 disputetur,
892 1289 1001 1362 quae-
1053 1285 1056 1290 ’

45 1425 143 1473 nam
165 1425 206 1472 ex
234 1401 346 1473 media
373 1402 432 1475 illa
456 1412 563 1475 aetate
587 1402 680 1500 leges
702 1401 841 1500 propius
865 1399 908 1472 ad
936 1399 1001 1474 hoe
1063 1405 1066 1409 ’

60 1549 217 1608 nostrum
234 1538 423 1612 institutum
446 1539 651 1637 pertineant,
677 1532 802 1638 duplex
823 1551 941 1638 sponte
962 1561 1000 1611 sa

64 1675 186 1747 offerre
215 1676 366 1776 quaestio
392 1675 546 1752 videtur:
583 1676 684 1749 altera
704 1677 851 1778 ¹quidem
876 1677 919 1751 de
944 1679 998 1751 le-

61 1812 161 1910 gibus
203 1815 286 1913 ipn’s
320 1815 557 1917 maribusque,
585 1815 646 1914 qui
676 1816 801 1890 attendi
827 1817 996 1916 imprimis

65 1950 230 2044 debeant,
263 1954 365 2029 altera
392 1979 474 2031 vera
503 1955 659 2052 dejure,
691 1954 785 2054 qnod
809 1954 888 2026 inde
913 1973 1000 2053 proi

63 2091 189 2163 sectum
220 2092 296 2168 fuit.

112 2230 224 2326 Atque
249 2226 305 2300 hic
332 2248 410 2301 sane
437 2225 523 2304 adeo
550 2208 711 2303 naturalis
734 2227 818 2302 ordo
845 2242 896 2302 est
922 2255 1003 2311 exas‘

64 2366 188 2457 minis,
221 2379 259 2439 ut
284 2368 434 2465 profecto
462 2368 659 2475 ulteriorem
686 2393 836 2441 caussam
858 2367 1001 2450 reddere

64 2525 199 2578 necesse
221 2532 289 2578 non
316 2507 379 2595 sit,
411 2532 471 2578 cur
500 2520 535 2582 et
558 2497 620 2579 nus
647 2507 695 2579 ita
722 2504 851 2580 duabus
873 2507 999 2580 sectiu-
1101 2538 1103 2545 ·

63 2641 370 2723 nibusuaivusun
393 2643 492 2742 hujus
509 2642 626 2742 capitis
644 2643 904 2744 disputationem
924 2646 998 2718 dis-

63 2779 279 2873 tinxerimus,
309 2781 570 2884 singulatimque
595 2781 852 2859 examinandum
888 2783 1002 2860 duxe-

57 2921 176 2995 rimus,
524 2934 526 2938 ‘

108 3059 138 3134 I.
162 3060 336 3152 Quaenam
362 3061 458 3162 leges
479 3075 514 3136 et
544 3086 656 3136 mores
683 3062 769 3159 sintf,
796 3063 855 3161 qui
882 3087 1000 3140 revera

60 3193 191 3296 augia
210 3200 295 3296 jura
313 3175 421 3274 sonas
447 3175 561 3283 haberi
585 3172 739 3304 posinna
759 3200 882 3274 aenae
915 3227 996 3278 vera

111 3337 159 3407 11.
184 3337 301 3427 Qualis
334 3337 425 3433 apud
453 3337 575 3438 Belgas
609 3343 756 3423 maxime
783 3339 885 3413 fuerit
915 3324 1002 3412 con-¹

62 3472 149 3545 aaa>
164 3461 238 3544 tum
255 3450 422 3568 juristum
437 3473 675 3569 jurisdictionis
690 3457 891 3568 caminus,
914 3497 1002 3578 qua·

59 3600 268 3710 exlegibus
299 3610 367 3686 illia
402 3608 621 3712 moribusque
649 3609 786 3690 exstitit.

586 3840 664 3942 aa
