2828 4964
783 242 786 247 .
889 232 893 239 ·
1033 191 1076 249 s

489 280 980 423 1usnonn'uu1e'
1095 336 1165 417 ιω

229 540 337 617 nutes
368 540 450 638 juris
489 539 619 641 Belgici
660 539 863 634 criminalis,
887 537 1033 615 universi
1075 538 1169 612 refe-
1301 608 1304 617 .

171 687 191 760 ζ.
229 679 349 753 rendas
381 702 453 750 esse
487 677 579 778 leges
601 677 840 778 Philippicas,
876 645 951 753 ttito
977 700 1067 750 nunc
1102 648 1167 750 de·

228 843 326 890 mum
364 815 407 889 ud
446 817 676 917 quaestionem
720 814 923 916 respondere
960 837 1169 915 possumus,

230 971 344 1031 utrum
374 981 415 1028 ex
454 956 521 1029 illis
561 953 694 1055 legibus
739 957 867 1029 fructus
911 957 966 1054 jus
997 952 1170 1030 criminale

228 1093 406 1192 Belgicum
446 1093 671 1193 perceperit.

279 1233 399 1331 Neque
425 1256 504 1303 sane
532 1255 595 1304 nos
623 1230 820 1314 affirmando
860 1229 904 1322 ad
929 1230 1023 1305 illam
1046 1255 1173 1329 quaes-

233 1370 360 1444 tionem
390 1366 592 1468 respondore
617 1367 822 1446 dubitamus.
870 1369 1049 1466 Quidquid
1078 1373 1172 1445 enim

231 1507 345 1581 dicant
372 1505 510 1606 plurimi
541 1521 642 1606 utque
672 1521 764 1582 certo
791 1533 891 1583 sensu
916 1523 1007 1584 reete
1037 1509 1171 1594 dicant,

229 1671 270 1733 ¹se
300 1648 400 1718 etium
425 1643 552 1717 inillis
585 1643 709 1719 durum
737 1671 960 1747 severumque
994 1669 1174 1724 Pfflmm

231 1785 382 1857 unimum
401 1807 623 1883 cognoscere,
642 1783 683 1855 ob
696 1784 797 1859 ultera
812 1798 908 1885 ponte
933 1787 1171 1863 verumetiam

233 1936 307 2013 est,
332 1917 399 1996 nou
424 1949 545 2022 purum
560 1936 674 1997 contra
699 1924 772 1998 illus
797 1923 890 2024 leges
908 1948 1086 2000 sunum
1104 1947 1172 1997 no-

232 2087 311 2135 men
340 2061 502 2146 valuisse,
530 2061 645 2157 Belgis
666 2059 824 2130 odiosum
852 2057 948 2156 (t),
981 2072 1015 2130 et
1044 2062 1072 2132 si
1107 2085 1172 2132 ue·

232 2200 304 2294 gari
342 2221 410 2267 non
448 2194 574 2291 possit,
612 2192 738 2264 multos
770 2192 904 2264 illorum
937 2194 1054 2297 legum
1090 2221 1174 2270 nuo

236 2357 296 2407 vos
324 2354 418 2419 esso,
448 2354 487 2401 uc
513 2328 707 2428 praesertim
737 2355 806 2403 nou
832 2355 940 2429 pauco
970 2333 1006 2404 in
1029 2331 1096 2406 illis
1118 2333 1174 2407 le-

233 2469 333 2571 gibus
360 2469 537 2555 avaritiae,
568 2465 747 2541 violentiae
775 2480 811 2539 et
842 2468 1047 2544 crudelitatis
1071 2484 1174 2574 utque

235 2609 457 2709 negligentiae
494 2605 596 2678 etiam
637 2602 837 2679 documenta
865 2631 1038 2681 occurrere
1074 2608 1173 2710 (α),

234 2748 348 2845 plures
387 2746 486 2816 etium
525 2769 565 2815 ex
601 2743 766 2816 continuio
804 2758 882 2818 suut
908 2747 1038 2821 aniculi
1067 2747 1084 2848 (
1097 2744 1174 2850 3),

236 2884 384 2982 quibus,
417 2883 499 2984 quin
523 2880 698 2955 emendata
725 2882 826 2956 fuerit
850 2885 990 2983 piistino
1014 2887 1097 2985 juris
1117 2914 1176 2961 ra·

235 3025 304 3113 tio,
344 3048 470 3114 nemo,
509 3018 697 3112 credimus,
735 3023 861 3121 poterit
897 3023 1073 3113 dubitare,
1114 3024 1175 3100 ubi

1115 3186 1178 3235 oo-

273 3365 326 3432 (ι)
344 3361 388 3413 ct.
410 3370 581 3412 wnoeunun
603 3357 673 3412 vad.
693 3357 761 3413 Hist.
782 3357 835 3411 Vl.
852 3377 911 3430 pig.
930 3377 992 3430 ²92·

274 3454 324 3523 (ι)
343 3450 387 3509 Cf.
414 3451 476 3506 Art.
504 3447 556 3502 44,
579 3449 631 3518 47,
654 3448 706 3518 572
728 3444 780 3501 ⁶0,
803 3449 851 3503 62.
875 3449 927 3504 63.
951 3450 986 3523 73
1007 3459 1037 3502 ct
1054 3466 1088 3522 79
1107 3449 1175 3520 legin

235 3558 388 3697 prlotlltbCf.
409 3627 472 3676 Art.
496 3624 543 3688 25,
571 3624 622 3676 56.
644 3621 687 3680 δι.
712 3623 814 3690 primo
834 3625 899 3698 legis
918 3633 947 3683 ct
973 3628 1037 3689 Art.
1059 3627 1094 3688 6,
1119 3630 1170 3694 15,

237 3716 286 3781 51,
305 3717 356 3772 34,
379 3715 430 3773 ³5.
452 3715 486 3774 ts
507 3725 536 3769 ot
557 3715 591 3773 38
608 3715 749 3773 eccundac.
