2828 4964
465 322 910 445 snsncnnana.
1111 293 1181 404 'ss

230 535 345 626 atqne'
363 525 428 598 sint
462 524 566 614 adeo,
607 528 666 623 qni
691 527 796 625 ipsius
821 548 965 603 ennom
986 527 1050 601 hac
1073 530 1172 605 in're

235 667 395 736 maximas
420 677 529 762 pestes
564 666 684 754 fuisse,
718 663 929 762 disputent(
976 664 1001 760 ).

284 800 354 873 sed
386 828 500 873 eornm
527 816 638 874 tamen
672 801 770 874 nobis
796 800 935 900 quidem
967 803 1170 878 admittenda

237 961 307 1007 non
339 937 471 1010 videtur
507 939 665 1014 doctrina.
714 941 810 1012 Licet
840 942 930 1012 enim
959 966 1077 1014 verum
1110 942 1173 1031 sit,

238 1077 344 1146 victos
367 1103 384 1146 a
408 1100 551 1152 oenone
583 1101 722 1153 necno
750 1079 876 1153 Frisios
902 1081 1023 1168 fuisse,
1060 1080 1173 1151 minus

239 1213 338 1286 etiam
361 1221 479 1289 iterum
507 1229 670 1305 nonest,
698 1242 766 1288 non
799 1218 866 1288 nisi
890 1243 930 1289 ea
956 1216 1020 1288 sub
1052 1215 1173 1290 condi-

237 1354 330 1424 tione
370 1355 517 1451 agnitam
557 1355 747 1425 Fsancicasn
783 1356 1011 1427 anctoritatem
1047 1354 1173 1443 fuisse,

239 1503 283 1558 zet
311 1477 509 1560 secundam
534 1494 706 1584 cujusque
738 1490 868 1560 Gentis
888 1495 1035 1584 patrios
1056 1514 1177 1561 mores

243 1629 410 1720 legesque
430 1630 483 1726 jns
510 1628 676 1716 dicerent,
705 1629 764 1728 qui
795 1628 984 1727 aRegsbns
1009 1630 1038 1701 F
1040 1630 1176 1701 sancicis

237 1765 365 1862 judices
393 1768 599 1867 comitesque
620 1768 829 1839 mitterentur
837 1794 847 1858 ;
873 1781 906 1838 et
926 1770 1079 1865 profecto
1102 1779 1177 1838 tum

239 1930 317 1975 cum
342 1904 397 1975 ilia
422 1905 654 2002 stipulatione,
684 1919 758 1978 tum
786 1931 865 1978 cum
888 1905 1073 1978 invincibili
1098 1904 1177 1976 Fri-

188 2107 190 2110 ,
240 2044 365 2114 siarum
390 2047 443 2115 ‚in
474 2044 542 2114 suis
582 2043 715 2141 legibus
744 2041 953 2116 vindicandis
976 2042 1176 2131 constantia,

239 2193 315 2251 tum
344 2180 491 2280 denique
525 2203 605 2250 cum
641 2181 745 2275 ipsius
772 2200 918 2250 canons
945 2171 1176 2268 probabilibus

240 2322 330 2391 sotis
353 2321 437 2393 adeo
466 2346 583 2417 perum
613 2317 770 2392 convenit
793 2318 996 2408 conjectura:
1022 2336 1175 2387 canoto

237 2473 370 2532 auctore
398 2463 469 2553 jas
503 2460 699 2532 Frisonum
725 2454 944 2553 compilatum
979 2453 1104 2543 fuisse,
1136 2437 1185 2525 ut„

1107 2593 1177 2664 mi÷

238 2763 368 2805 sentent}
383 2752 410 2801 in
429 2750 550 2821 praelat.
565 2753 742 2822 ad'magnum
758 2749 865 2800 Frisiae
888 2747 1088 2798 chartularium
1109 2746 1171 2800 Vol.

238 2845 266 2894 Ι.
293 2850 320 2892 et
342 2854 463 2892 manna
485 2859 546 2892 over
563 2845 614 2893 den
634 2843 752 2910 Iouddag
771 2843 818 2891 der
838 2839 948 2888 Friaaen
966 2855 994 2904 p.
1018 2837 1059 2888 5ο.
1094 2836 1172 2889 Licet

238 2942 321 2984 antem
344 2947 398 2982 non
421 2931 506 2981 omnia
529 2931 642 3000 ejusdem
665 2949 717 2982 esse
738 2929 829 2981 aetatis
852 2925 1015 3008 videantua,v
1036 2943 1101 2993 qnae
1120 2923 1173 2976 hae

236 3026 292 3090 lege
313 3025 499 3074 continentur,
527 3023 605 3073 nimis
624 3031 710 3075 tamen
732 3023 838 3074 omnino
854 3020 924 3070 iilius
944 3017 1006 3085 legis
1026 3015 1173 3082 integritati

235 3122 262 3167 ct
282 3113 432 3165 auctoritati
451 3113 592 3162 detraxisse
623 3111 727 3162 videtur
753 3110 949 3159 Huanacosan
970 3109 999 3157 in
1026 3111 1116 3155 annot.
1138 3101 1172 3152 ad

235 3216 323 3252 Manis
350 3214 438 3253 saone
459 3199 632 3266 Rt’mtront't
653 3201 681 3248 I.
700 3216 729 3265 p.
753 3198 819 3250 142,
844 3205 869 3246 et
891 3195 960 3245 iltius
982 3191 1173 3262 objectionibus

234 3294 311 3359 pinne
326 3293 478 3341 satisfecisse
499 3289 602 3339 videtne
618 3299 753 3337 nements
774 3288 802 3338 in
824 3285 900 3335 laad.
912 3283 1015 3332 dissert.
1039 3281 1108 3330 inter
1124 3295 1176 3328 ac-

238 3388 270 3429 ta
295 3379 421 3428 Societat.
441 3377 570 3442 Groning.
583 3393 633 3442 pro
649 3375 789 3424 excolendo
805 3378 869 3442 jare
886 3375 979 3440 patrio
995 3388 1024 3437 p.
1039 3371 1072 3420 46
1086 3399 1102 3410 -
1117 3368 1174 3425 ¹44.

277 3466 330 3532 (ι)
348 3465 395 3515 Est
416 3462 606 3528 ea'dispntatio
628 3472 803 3511 waonNtRn
827 3461 887 3508 vot.
909 3459 930 3506 Ι.
945 3476 972 3523 p.
993 3457 1048 3508 445.
1073 3456 1116 3524 qui
1132 3465 1175 3507 ta-

234 3573 296 3610 men
318 3553 515 3605 auctoritatibus
536 3551 689 3600 sententiam
709 3565 762 3598 non
783 3549 893 3616 probat,
921 3563 1004 3614 nequa
1025 3554 1170 3611 argumenta

236 3644 378 3701 sttsndtsse
392 3643 506 3699 videtur,
537 3660 602 3711 quae
621 3649 714 3695 contra
736 3642 809 3712 iliam
830 3638 983 3691 sententiam
1004 3636 1170 3708 proponenda

238 3738 370 3836 dussimus.

740 3825 821 3926 os
