2828 4964
254 288 261 302 ’
307 322 730 411 caraecarae,
786 338 791 343 ·
949 326 995 428 s,

111 531 182 611 Nec
211 533 321 623 enim,
364 531 457 636 quod
492 530 535 607 de
569 529 720 631 pristinis
755 530 1000 607 Germanorum

57 653 227 748 institutis
262 672 349 746 circa
377 670 468 745 bunc
497 670 613 744 locum
665 666 751 741 nihil
792 693 891 766 supra
927 671 1001 743 dis·

64 812 281 911 putavimus,
337 809 559 911 negligentiae
604 805 831 883 tribuendum.
889 806 1004 881 Silen-

67 949 110 1021 tii
139 949 231 1021 enirn
259 972 354 1022 causa
372 949 437 1022 fuit
458 949 531 1048 ipsa
557 971 693 1022 morum
722 947 814 1020 illius
841 945 1003 1046 temporis

64 1089 152 1160 ratio
159 1114 170 1181 3
210 1111 317 1188 quum
349 1086 472 1185 judicia
502 1086 557 1161 vix
590 1083 656 1158 dici
680 1109 779 1185 posse
806 1082 1003 1173 videantur,

63 1224 126 1297 nbi
154 1227 296 1328 quisque
318 1227 371 1298 sni
400 1225 482 1322 juris
508 1221 633 1298 vindex
664 1235 753 1311 erat,
786 1237 820 1295 et
845 1220 903 1294 ubi
926 1237 1009 1293 nas-'

67 1363 157 1436 centi
182 1363 308 1439 civitati
347 1362 459 1434 nullae
487 1361 590 1450 aliae,
620 1372 856 1461 praeterquam
883 1358 927 1432 de
953 1360 1003 1431 si-

69 1498 109 1571 bi
155 1502 248 1575 factis
278 1500 430 1598 injuriis,
473 1498 678 1598 cognitiones
716 1496 1005 1598 relinquebantur,

72 1662 159 1737 quae
186 1637 229 1712 ad
257 1662 373 1711 omnes
399 1636 630 1737 pertinebant,
646 1668 648 1673 ’
662 1637 821 1738 quoniam
849 1635 1008 1710 omnibus

69 1775 155 1849 facta
183 1789 255 1850 erat
288 1776 419 1873 injuria.
468 1773 537 1850 Sed
572 1774 736 1875 paulatim
767 1776 861 1850 illam
891 1794 1009 1850 rerum

70 1913 295 1990 conditionem
326 1914 449 1988 mutari
477 1912 653 2004 debuisse,
689 1940 743 1988 res
775 1916 850 2015 ipsa
885 1914 1003 2004 docem

70 2066 105 2126 et
127 2052 335 2151 pedetentim
372 2076 453 2125 cum
489 2051 632 2148 imperio
667 2053 774 2126 crevit
804 2052 1006 2148 judiciorum

77 2211 215 2290 quoque
251 2188 438 2261 auctoritas.

120 2329 193 2401 Nec
224 2339 336 2401 tamen
361 2324 471 2427 qualia
499 2323 557 2400 illa
580 2325 691 2426 prima
723 2324 848 2402 fiterint
870 2329 1011 2428 judicia,

71 2467 218 2540 maxime
246 2464 447 2553 criminalia,
478 2465 566 2537 inter
593 2465 744 2540 eruditos
773 2480 899 2543 constat
922 2467 1013 2571 (r).

73 2603 181 2680 Nobis
199 2617 313 2676 autem
336 2601 612 2702 distinguendum
635 2604 788 2703 videtur3
819 2608 897 2684 lioet
916 2613 1008 2685 enim

10 2746 14 2756 '
73 2744 171 2821 facile
195 2740 415 2815 concedamus
445 2741 537 2841 apud
563 2742 777 2819 Germanicas
801 2747 874 2821 illas
898 2750 1009 2825 natio·

73 2905 151 2969 nes,
171 2905 256 2982 quac
275 2879 482 2982 aliquamdiu
498 2893 610 2964 contra
628 2876 774 2989 Francos
786 2887 887 2962 etiem
902 2887 1008 2964 liber-

71 3026 176 3097 tatem
196 3045 291 3095 suam
314 3019 543 3117 vindicarunt,
565 3025 766 3122 popularem
778 3026 915 3102 sortasse
931 3051 1009 3097 ma-

956 3164 1015 3263 gis·

69 3326 99 3369 c.
120 3328 148 3366 n·
164 3324 264 3367 aaran
282 3314 312 3364 in
331 3313 404 3365 libro
429 3330 505 3382 supra
526 3315 579 3386 jam
601 3315 724 3371 laudato:
750 3314 803 3381 dur
823 3317 843 3367 1·
853 3316 957 3387 origine
979 3327 1007 3367 er

64 3401 183 3476 progr&
209 3407 256 3456 dea
268 3403 448 3455 Institutione
466 3401 639 3470 judiciam.
672 3403 735 3459 vot.
757 3403 818 3457 nn
844 3405 882 3459 11.
896 3407 1011 3471 mama,

72 3494 183 3565 Caph
198 3512 232 3565 9,
251 3493 301 3546 142
318 3492 388 3543 rdet
403 3507 444 3543 aa.

110 3581 397 3652 (1)(i.lrmcartnr
423 3579 534 3650 Origine
553 3589 581 3633 et
604 3579 717 3654 progrla
741 3584 774 3636 de
801 3585 832 3639 ta
852 3584 1007 3656 legislatiou

70 3671 225 3736 stampais«
245 3670 327 3722 Biora
352 3671 379 3720 1.
403 3669 449 3724 Oh.
468 3667 495 3728 5.
514 3676 541 3730 ct
557 3664 672 3730 0er
698 3682 799 3733 natm
819 3673 904 3733 latro
928 3679 1006 3733 modo

72 3759 190 3846 leudem
205 3777 238 3835 p.
259 3760 310 3822 544
330 3769 358 3814 at
377 3758 437 3827 545,
