2828 4964
651 326 739 382 2·
927 290 929 297 ’
1135 306 1185 372 'xv

231 513 302 578 tum
330 531 402 584 arnt
424 488 427 498 s
447 509 607 597 debeam,
643 511 693 583 ilii
730 510 908 582 obseruare
939 507 999 580 vix
1036 523 1174 578 necesse

233 668 309 739 erit.
358 667 609 764 Quamobrem,
637 668 864 764 Amplissime
890 665 980 750 Vir,
1003 658 1174 756 usquead

233 844 421 896 extremum
458 829 546 899 vitae
575 826 738 914 halitum,
771 844 887 897 eorum
923 819 1175 903 recordaturus,

241 988 328 1072 quae
362 985 395 1067 ip
432 1006 536 1056 meam
556 987 692 1080 gratiam
727 983 859 1067 fecisti,
887 1001 987 1074 spero
1009 977 1106 1060 fore,
1143 993 1181 1047 ut
1270 992 1280 1006 “

237 1133 411 1211 Summum
447 1139 583 1213 Numen
620 1162 693 1212 rrat
736 1141 770 1210 in
809 1158 1008 1231 perpetuum
1052 1134 1179 1220 faveat,

235 1319 350 1390 arque
387 1298 465 1366 beet
493 1319 525 1366 tn
558 1298 720 1369 honorem
749 1295 876 1368 Patriae
899 1315 934 1367 et
964 1293 1086 1367 Almae
1115 1292 1178 1362 hu·

234 1452 290 1544 jtts
326 1453 502 1557 Musarum
540 1455 646 1528 Sedis.

287 1611 396 1682 Voats
423 1629 594 1703 preterea,
630 1615 702 1688 Viri
735 1614 945 1702 Clarissimi,
982 1632 1180 1684 mnostrum·-

234 1783 627 1858 tta,smntuomru1tot,
651 1795 689 1844 ac
713 1794 964 1859 rtorntnrtrta,
988 1773 1048 1863 qui
1069 1771 1103 1839 in
1119 1777 1177 1844 vai

184 1962 186 1968 v
230 1932 309 2013 riis,
347 1952 427 2023 quas
465 1929 587 2002 docete
626 1931 740 2002 soletis
771 1931 1057 2025 jurisprudentiae
1097 1949 1175 2020 par·

234 2089 343 2174 tibus,
388 2091 514 2183 egregii
560 2091 643 2160 mihi
689 2091 861 2160 exstitistis
903 2090 1068 2180 magistri,
1113 2098 1178 2159 vo&

234 2266 286 2315 sts
305 2247 526 2338 gratissimum
551 2246 713 2338 profiteor
735 2248 904 2329 animum,
937 2211 1082 2317 faustum
1108 2268 1173 2338 op*

233 2423 270 2472 to
299 2403 446 2496 reliquae
474 2407 590 2476 aetatis
615 2385 819 2490 decursum,
844 2405 1050 2498 vestraeque
1075 2403 1170 2477 favod

235 2564 263 2632 ri
301 2584 354 2631 me
397 2549 611 2635 commendo.

282 2718 408 2813 Neque
460 2733 543 2807 vos,
590 2717 803 2793 Noutttsnmt
861 2707 1066 2813 Trtmnvtrt,
1117 2747 1176 2802 ca.

239 2901 312 2950 vsu
335 2893 633 2965 contorserunt,
661 2896 802 2966 cnara,
837 2903 977 2967 aanor,
1004 2884 1039 2952 in
1059 2882 1170 2956 Scho-

235 3039 286 3108 lis'
303 3039 477 3131 juridicis,
502 3062 587 3132 quae
605 3051 802 3111 Bnuxuttts
829 3061 940 3126 erant,
963 3040 1052 3134 Juris
1073 3042 1172 3114 Civi-

234 3197 276 3266 lis
301 3197 539 3268 Antecessotes
574 3197 741 3290 quondam
779 3200 977 3290 conspicui,
1013 3199 1075 3272 hac
1105 3222 1175 3294 opu

228 3356 440 3443 'portunitate
470 3356 730 3444 praetermittere
762 3376 911 3446 possum.
960 3356 1035 3427 Vos
1061 3361 1173 3443 enim,

235 3506 287 3578 uti
317 3508 423 3597 prima
444 3506 533 3598 Juris
551 3506 713 3578 elementa
740 3528 794 3578 me
819 3509 1001 3598 docuistis,
1027 3514 1076 3583 sic
1104 3516 1175 3605 pri·
1248 3530 1251 3537 '

235 3687 321 3739 mant
357 3663 440 3734 mihi
481 3664 568 3733 viam
603 3663 637 3731 in
682 3662 746 3733 hac
782 3661 958 3756 disciplina
996 3669 1169 3746 tenendam

232 3825 482 3898 demonstrastis
509 3842 543 3894 et
569 3822 633 3926 fini
662 3824 780 3895 studiis
819 3829 901 3897 meis
935 3825 1075 3903 fortasse
1100 3850 1179 3909 noo.

227 3981 328 4086 plane
376 3980 535 4079 indigno,
585 3981 798 4059 fundamenta
839 3987 1001 4079 posuistis
1041 3984 1168 4075 solida,

1085 4153 1166 4237 qua-
