2828 4964
274 389 338 461 rat
479 386 708 467 SPECIMEN
731 395 755 467 J
760 394 992 476 URIDICUM

267 590 351 659 sacta
384 584 482 689 (ι),
527 593 677 666 moribus
714 595 777 668 sibi
818 602 1025 696 pmoedendi
1056 606 1219 705 aliquam

264 750 441 816 normam,
480 755 543 827 pm
586 730 726 804 ‹livemis
772 735 854 806 locis
901 738 1089 832 diversam,
1153 748 1214 817 ef-

266 864 448 956 fluxerant,
480 882 518 940 ut
549 894 618 942 non
640 883 770 943 tantum
800 896 932 947 summa
957 892 1047 952 esset
1075 880 1214 955 vicino-

265 1028 344 1077 rum
365 1005 450 1078 adeo
477 1008 627 1079 locorum
664 1034 702 1080 ea
732 1010 769 1081 in
797 1032 837 1082 re
864 1010 1059 1102 diversitas,
1086 1042 1212 1092 verum

263 1168 331 1215 non
362 1169 456 1233 ram,
489 1170 550 1242 pro
573 1144 710 1217 arbitrio
729 1147 828 1244 plane
846 1162 1009 1246 potestate
1024 1151 1091 1223 sibi
1117 1181 1214 1227 con-

262 1304 353 1353 oessa
383 1282 408 1354 J
409 1280 519 1355 udices
551 1296 740 1373 uterentur,
771 1287 870 1358 nuliis
886 1288 953 1358 sere
983 1290 1204 1386 generalibus

258 1420 392 1519 legibus
420 1420 586 1509 adstricti,
620 1434 655 1493 et
681 1420 725 1494 ad
753 1423 927 1522 privilegia
959 1448 1018 1497 sua
1047 1451 1208 1501 consue-

260 1559 459 1656 tudinesque
476 1584 609 1659 semper
622 1574 858 1657 provocanteS‚
885 1562 1015 1660 quoties
1036 1563 1083 1636 de
1110 1564 1204 1640 ahu·-

259 1720 299 1769 ιιι
330 1697 443 1795 aliquo
470 1697 618 1771 tollendo
648 1700 797 1795 quaestio
831 1676 917 1770 esset
937 1699 1024 1792 (a).

301 1833 477 1927 Ejusmodi
515 1848 630 1907 autem
672 1860 784 1907 rerum
833 1834 982 1908 conditio
1028 1843 1208 1915 convenia-

254 1996 313 2056 m,
350 1971 518 2069 proiecto,
563 1998 630 2044 non
671 1974 779 2071 potuit
813 1973 977 2070 principi,
1013 1980 1074 2072 qui
1116 1981 1202 2050 suis·

251 2108 383 2206 legibus
404 2134 537 2207 semper
563 2111 739 2210 privilegia
767 2111 1088 2211 consuetudinesque
1119 2139 1197 2214 op·

248 2249 352 2345 poni,
386 2272 486 2344 grave
511 2247 659 2335 ferebat,
696 2262 730 2321 et
757 2274 873 2323 revera
895 2251 1039 2348 plurima
1066 2251 1192 2349 publi-

248 2412 307 2458 cae
344 2385 635 2457 administrationis
677 2388 756 2460 vitia
796 2413 859 2485 pro
888 2390 1002 2459 aetatis
1044 2414 1104 2461 sua
1130 2417 1192 2464 ra-

246 2523 338 2596 tione
365 2522 451 2594 bene
473 2527 605 2621 oognita
629 2548 667 2595 ae
696 2538 872 2622 perspecta
899 2524 1041 2597 habebat
1071 2524 1161 2627 (5).

1112 2667 1199 2738 Nec·

281 2780 334 2847 (ι)
354 2777 394 2828 De
407 2779 581 2831 scabinorum
598 2779 628 2843 in
641 2778 765 2832 urbibus,
788 2794 940 2847 progressu,
963 2787 989 2830 et
1003 2777 1101 2833 modo,
1126 2796 1183 2847 quo

245 2866 369 2933 paulatim
393 2866 447 2931 ipsa
468 2865 534 2916 adeo
556 2866 699 2918 nominatio
723 2884 811 2918 eorum
825 2867 860 2917 ad
880 2852 1042 2935 magistratus
1063 2858 1195 2923 urbanos·¹

227 2954 329 3011 venerit
349 2953 403 3005 vid.
429 2956 538 3006 noctise.
564 2968 656 3006 neura
677 2960 690 3009 l
718 2959 736 3012 l.

280 3045 333 3113 (a)
354 3040 427 3093 Adeo
448 3046 542 3109 passim
562 3044 595 3096 de
616 3042 667 3096 hoc
687 3048 765 3097 ahruu
785 3045 919 3113 quaeritur
941 3046 1084 3097 Ordinatio
1107 3047 1179 3099 Phi.

240 3133 357 3200 lippicar
382 3131 434 3184 hon
453 3136 543 3184 saitem
564 3138 669 3186 nomine
691 3140 713 3185 a·
725 3136 830 3186 nemine
851 3144 913 3186 tunc
928 3134 1178 3200 temporia‘refuta.

240 3232 286 3286 ta,
309 3231 337 3273 ut
358 3238 403 3273 vax
425 3222 541 3274 dubitari
561 3233 655 3290 queat,
679 3227 774 3294 justam
794 3226 902 3275 omnino
922 3223 1081 3276 bonoillius
1101 3234 1191 3278 aeta·-

241 3312 277 3364 tia
298 3308 524 3378 reprehensionem
546 3311 633 3367 fuisse.

276 3404 327 3473 (1)
345 3401 427 3454 Multa
442 3419 503 3453 anne
523 3410 549 3453 et
562 3419 654 3470 magna
674 3402 738 3454 vitia
759 3406 896 3455 mmm
916 3399 954 3452 Ii.
978 3400 1073 3454 mirre,
1094 3401 1182 3455 facile·

236 3494 344 3561 quiaque
366 3491 501 3544 concodat.
539 3490 592 3543 Nec
619 3500 704 3542 tamen
726 3491 810 3541 miuus
831 3489 864 3539 ab
885 3492 967 3541 altera
985 3495 1060 3556 parte
1083 3505 1183 3542 veruna

234 3581 356 3636 ridetur,
379 3582 490 3648 plurima
512 3598 544 3632 ex
559 3583 614 3633 solo
629 3588 743 3648 partium
761 3579 847 3630 studio
869 3580 899 3629 iu
921 3577 968 3628 illo
982 3578 1103 3644 principe
1125 3597 1175 3631 re-

232 3668 359 3736 prehensa
374 3673 468 3726 fuisse,
491 3688 557 3737 quae
577 3687 668 3721 revera
693 3667 836 3719 laudabilia
866 3675 950 3717 erant.
985 3665 1076 3732 Neque
1098 3668 1176 3720 iuter

227 3754 292 3806 haec
310 3772 356 3806 noa
378 3762 457 3810 otiam
483 3759 554 3812 duris
577 3758 728 3812 Criminaiis
757 3754 964 3813 emendationem
985 3754 1089 3809 referre
1116 3754 1188 3810 dm.

232 3845 355 3902 biternum
