<?xml version="1.0" encoding="UTF-8"?>
<!DOCTYPE html PUBLIC "-//W3C//DTD XHTML 1.0 Transitional//EN"
    "http://www.w3.org/TR/xhtml1/DTD/xhtml1-transitional.dtd">
<html xmlns="http://www.w3.org/1999/xhtml" xml:lang="en" lang="en">
 <head>
  <title>
</title>
<meta http-equiv="Content-Type" content="text/html;charset=utf-8" />
  <meta name='ocr-system' content='tesseract 3.04.00' />
  <meta name='ocr-capabilities' content='ocr_page ocr_carea ocr_par ocr_line ocrx_word'/>
</head>
<body>
  <div class='ocr_page' id='page_1' title='image "./specimenjuridic00unkngoog_0036.png"; bbox 0 0 2828 4964; ppageno 0'>
   <div class='ocr_carea' id='block_1_1' title="bbox 496 326 1168 412">
    <p class='ocr_par' dir='ltr' id='par_1_1' title="bbox 496 326 1168 412">
     <span class='ocr_line' id='line_1_1' title="bbox 496 326 1168 412; baseline 0.006 -10"><span class='ocrx_word' id='word_1_1' title='bbox 496 326 910 412; x_wconf 78' lang='lat' dir='ltr'><strong>INAUGURALE.</strong></span> <span class='ocrx_word' id='word_1_2' title='bbox 1129 349 1168 406; x_wconf 81' lang='grc' dir='ltr'><strong>ιι</strong></span> 
     </span>
    </p>
   </div>
   <div class='ocr_carea' id='block_1_2' title="bbox 233 529 1225 1599">
    <p class='ocr_par' dir='ltr' id='par_1_2' title="bbox 233 529 1225 1599">
     <span class='ocr_line' id='line_1_2' title="bbox 282 529 1167 632; baseline -0.002 -25"><span class='ocrx_word' id='word_1_3' title='bbox 282 536 328 609; x_wconf 87' lang='lat' dir='ltr'><strong>Et</strong></span> <span class='ocrx_word' id='word_1_4' title='bbox 366 559 444 609; x_wconf 84' lang='lat' dir='ltr'><strong>sane</strong></span> <span class='ocrx_word' id='word_1_5' title='bbox 492 534 645 630; x_wconf 87' lang='lat' dir='ltr'><strong>quamvis</strong></span> <span class='ocrx_word' id='word_1_6' title='bbox 691 529 845 629; x_wconf 86' lang='lat' dir='ltr'><strong>pluribus</strong></span> <span class='ocrx_word' id='word_1_7' title='bbox 883 555 994 632; x_wconf 86' lang='lat' dir='ltr'><strong>neque</strong></span> <span class='ocrx_word' id='word_1_8' title='bbox 1029 531 1167 632; x_wconf 88' lang='lat' dir='ltr'><strong>penitus</strong></span> 
     </span>
     <span class='ocr_line' id='line_1_3' title="bbox 236 667 1171 772; baseline 0 -28"><span class='ocrx_word' id='word_1_9' title='bbox 236 671 488 755; x_wconf 84' lang='lat' dir='ltr'><strong>contemnendis</strong></span> <span class='ocrx_word' id='word_1_10' title='bbox 525 672 729 772; x_wconf 79' lang='lat' dir='ltr'><strong>argumentis</strong></span> <span class='ocrx_word' id='word_1_11' title='bbox 762 667 910 740; x_wconf 83' lang='lat' dir='ltr'><strong>naturale</strong></span> <span class='ocrx_word' id='word_1_12' title='bbox 948 669 1084 770; x_wconf 88' lang='lat' dir='ltr'><strong>aliquod</strong></span> <span class='ocrx_word' id='word_1_13' title='bbox 1117 673 1171 767; x_wconf 78' lang='lat' dir='ltr'><strong>jus</strong></span> 
     </span>
     <span class='ocr_line' id='line_1_4' title="bbox 233 805 1171 911; baseline -0.005 -27"><span class='ocrx_word' id='word_1_14' title='bbox 233 836 422 911; x_wconf 88' lang='lat' dir='ltr'><strong>poenarum</strong></span> <span class='ocrx_word' id='word_1_15' title='bbox 461 809 639 884; x_wconf 76' lang='lat' dir='ltr'><strong>defendant</strong></span> <span class='ocrx_word' id='word_1_16' title='bbox 667 808 827 907; x_wconf 85' lang='lat' dir='ltr'><strong>plurimi,</strong></span> <span class='ocrx_word' id='word_1_17' title='bbox 858 805 1011 907; x_wconf 85' lang='lat' dir='ltr'>adeoque</span> <span class='ocrx_word' id='word_1_18' title='bbox 1036 821 1069 879; x_wconf 88' lang='lat' dir='ltr'><strong>et</strong></span> <span class='ocrx_word' id='word_1_19' title='bbox 1096 822 1171 880; x_wconf 83' lang='lat' dir='ltr'><strong>auto</strong></span> 
     </span>
     <span class='ocr_line' id='line_1_5' title="bbox 235 930 1171 1046; baseline -0.005 -25"><span class='ocrx_word' id='word_1_20' title='bbox 235 949 333 1021; x_wconf 88' lang='lat' dir='ltr'><strong>initas</strong></span> <span class='ocrx_word' id='word_1_21' title='bbox 348 949 518 1023; x_wconf 77' lang='lat' dir='ltr'><strong>societates</strong></span> <span class='ocrx_word' id='word_1_22' title='bbox 534 930 660 1046; x_wconf 86' lang='lat' dir='ltr'><strong>poenas</strong></span> <span class='ocrx_word' id='word_1_23' title='bbox 678 946 792 1019; x_wconf 90' lang='lat' dir='ltr'><strong>locum</strong></span> <span class='ocrx_word' id='word_1_24' title='bbox 824 944 979 1018; x_wconf 85' lang='lat' dir='ltr'><strong>habuisse</strong></span> <span class='ocrx_word' id='word_1_25' title='bbox 1008 957 1171 1034; x_wconf 81' lang='lat' dir='ltr'><strong>statuant,</strong></span> 
     </span>
     <span class='ocr_line' id='line_1_6' title="bbox 235 1082 1225 1160; baseline -0.005 -3"><span class='ocrx_word' id='word_1_26' title='bbox 235 1085 332 1158; x_wconf 85' lang='lat' dir='ltr'><strong>uobis</strong></span> <span class='ocrx_word' id='word_1_27' title='bbox 356 1099 466 1160; x_wconf 88' lang='lat' dir='ltr'><strong>tamea</strong></span> <span class='ocrx_word' id='word_1_28' title='bbox 487 1084 695 1159; x_wconf 89' lang='lat' dir='ltr'><strong>admittenda</strong></span> <span class='ocrx_word' id='word_1_29' title='bbox 728 1110 767 1157; x_wconf 87' lang='lat' dir='ltr'><strong>ea</strong></span> <span class='ocrx_word' id='word_1_30' title='bbox 797 1083 947 1157; x_wconf 84' lang='lat' dir='ltr'><strong>doctriua</strong></span> <span class='ocrx_word' id='word_1_31' title='bbox 976 1110 1044 1158; x_wconf 89' lang='lat' dir='ltr'><strong>non</strong></span> <span class='ocrx_word' id='word_1_32' title='bbox 1072 1082 1172 1158; x_wconf 63' lang='lat' dir='ltr'><strong>vide-2</strong></span> <span class='ocrx_word' id='word_1_33' title='bbox 1223 1144 1225 1152; x_wconf 27' lang='lat' dir='ltr'><strong>t</strong></span> 
     </span>
     <span class='ocr_line' id='line_1_7' title="bbox 235 1202 1173 1326; baseline -0.004 -28"><span class='ocrx_word' id='word_1_34' title='bbox 235 1237 310 1312; x_wconf 86' lang='lat' dir='ltr'><strong>tur,</strong></span> <span class='ocrx_word' id='word_1_35' title='bbox 356 1250 466 1322; x_wconf 87' lang='lat' dir='ltr'><strong>neque</strong></span> <span class='ocrx_word' id='word_1_36' title='bbox 498 1222 641 1312; x_wconf 84' lang='lat' dir='ltr'>exinde,</span> <span class='ocrx_word' id='word_1_37' title='bbox 673 1202 766 1326; x_wconf 86' lang='lat' dir='ltr'><strong>quod</strong></span> <span class='ocrx_word' id='word_1_38' title='bbox 793 1224 941 1297; x_wconf 71' lang='lat' dir='ltr'><strong>naturale</strong></span> <span class='ocrx_word' id='word_1_39' title='bbox 967 1226 1020 1320; x_wconf 80' lang='lat' dir='ltr'><strong>jus</strong></span> <span class='ocrx_word' id='word_1_40' title='bbox 1052 1221 1173 1295; x_wconf 86' lang='lat' dir='ltr'><strong>desen-</strong></span> 
     </span>
     <span class='ocr_line' id='line_1_8' title="bbox 237 1359 1172 1458; baseline 0 -26"><span class='ocrx_word' id='word_1_41' title='bbox 237 1363 338 1434; x_wconf 84' lang='lat' dir='ltr'><strong>siouis</strong></span> <span class='ocrx_word' id='word_1_42' title='bbox 363 1362 428 1449; x_wconf 89' lang='lat' dir='ltr'><strong>sit,</strong></span> <span class='ocrx_word' id='word_1_43' title='bbox 458 1373 570 1458; x_wconf 82' lang='lat' dir='ltr'><strong>potest</strong></span> <span class='ocrx_word' id='word_1_44' title='bbox 596 1360 701 1450; x_wconf 87' lang='lat' dir='ltr'><strong>offici,</strong></span> <span class='ocrx_word' id='word_1_45' title='bbox 729 1359 869 1440; x_wconf 68' lang='lat' dir='ltr'><strong>naturali</strong></span> <span class='ocrx_word' id='word_1_46' title='bbox 895 1359 995 1434; x_wconf 87' lang='lat' dir='ltr'><strong>etiam</strong></span> <span class='ocrx_word' id='word_1_47' title='bbox 1019 1362 1092 1457; x_wconf 84' lang='lat' dir='ltr'><strong>jure</strong></span> <span class='ocrx_word' id='word_1_48' title='bbox 1110 1360 1172 1438; x_wconf 82' lang='lat' dir='ltr'><strong>niti</strong></span> 
     </span>
     <span class='ocr_line' id='line_1_9' title="bbox 238 1497 1153 1599; baseline 0 -28"><span class='ocrx_word' id='word_1_49' title='bbox 238 1524 375 1578; x_wconf 86' lang='lat' dir='ltr'><strong>omnem</strong></span> <span class='ocrx_word' id='word_1_50' title='bbox 398 1498 559 1587; x_wconf 89' lang='lat' dir='ltr'><strong>modum,</strong></span> <span class='ocrx_word' id='word_1_51' title='bbox 590 1524 659 1599; x_wconf 87' lang='lat' dir='ltr'><strong>quo</strong></span> <span class='ocrx_word' id='word_1_52' title='bbox 684 1497 864 1570; x_wconf 85' lang='lat' dir='ltr'><strong>defendere</strong></span> <span class='ocrx_word' id='word_1_53' title='bbox 889 1523 951 1569; x_wconf 88' lang='lat' dir='ltr'><strong>uos</strong></span> <span class='ocrx_word' id='word_1_54' title='bbox 981 1521 1153 1596; x_wconf 75' lang='lat' dir='ltr'><strong>queamus·</strong></span> 
     </span>
    </p>
   </div>
   <div class='ocr_carea' id='block_1_3' title="bbox 258 1634 1352 1735">
    <p class='ocr_par' dir='ltr' id='par_1_3' title="bbox 258 1634 1352 1735">
     <span class='ocr_line' id='line_1_10' title="bbox 258 1634 1352 1735; baseline 0 -28"><span class='ocrx_word' id='word_1_55' title='bbox 258 1640 304 1707; x_wconf 87' lang='lat' dir='ltr'><strong>At</strong></span> <span class='ocrx_word' id='word_1_56' title='bbox 336 1663 414 1708; x_wconf 82' lang='lat' dir='ltr'><strong>vero</strong></span> <span class='ocrx_word' id='word_1_57' title='bbox 449 1639 476 1707; x_wconf 88' lang='lat' dir='ltr'><strong>si</strong></span> <span class='ocrx_word' id='word_1_58' title='bbox 512 1636 565 1709; x_wconf 88' lang='lat' dir='ltr'><strong>vel</strong></span> <span class='ocrx_word' id='word_1_59' title='bbox 598 1634 843 1727; x_wconf 81' lang='lat' dir='ltr'><strong>concedamus,</strong></span> <span class='ocrx_word' id='word_1_60' title='bbox 881 1634 974 1735; x_wconf 85' lang='lat' dir='ltr'><strong>quod</strong></span> <span class='ocrx_word' id='word_1_61' title='bbox 1006 1661 1074 1707; x_wconf 90' lang='lat' dir='ltr'><strong>non</strong></span> <span class='ocrx_word' id='word_1_62' title='bbox 1101 1660 1173 1707; x_wconf 87' lang='lat' dir='ltr'><strong>esse</strong></span> <span class='ocrx_word' id='word_1_63' title='bbox 1262 1704 1264 1709; x_wconf 86' lang='grc'><strong>,</strong></span> <span class='ocrx_word' id='word_1_64' title='bbox 1346 1720 1352 1729; x_wconf 76' lang='lat'><em>,</em></span> 
     </span>
    </p>
   </div>
   <div class='ocr_carea' id='block_1_4' title="bbox 231 1772 1172 2842">
    <p class='ocr_par' dir='ltr' id='par_1_4' title="bbox 231 1772 1172 2842">
     <span class='ocr_line' id='line_1_11' title="bbox 235 1772 1171 1875; baseline -0.003 -25"><span class='ocrx_word' id='word_1_65' title='bbox 235 1772 506 1862; x_wconf 84' lang='lat' dir='ltr'><strong>concedendum,</strong></span> <span class='ocrx_word' id='word_1_66' title='bbox 550 1773 735 1864; x_wconf 84' lang='lat' dir='ltr'><strong>credimus,</strong></span> <span class='ocrx_word' id='word_1_67' title='bbox 770 1776 918 1854; x_wconf 87' lang='lat' dir='ltr'><strong>naturale</strong></span> <span class='ocrx_word' id='word_1_68' title='bbox 944 1773 1084 1875; x_wconf 84' lang='lat' dir='ltr'><strong>aliquod</strong></span> <span class='ocrx_word' id='word_1_69' title='bbox 1116 1777 1171 1872; x_wconf 85' lang='lat' dir='ltr'><strong>jus</strong></span> 
     </span>
     <span class='ocr_line' id='line_1_12' title="bbox 232 1913 1171 2012; baseline 0.002 -27"><span class='ocrx_word' id='word_1_70' title='bbox 232 1936 418 2012; x_wconf 88' lang='lat' dir='ltr'><strong>poenarum</strong></span> <span class='ocrx_word' id='word_1_71' title='bbox 449 1937 545 2002; x_wconf 85' lang='lat' dir='ltr'><strong>esse,</strong></span> <span class='ocrx_word' id='word_1_72' title='bbox 580 1939 647 1987; x_wconf 79' lang='lat' dir='ltr'><strong>non</strong></span> <span class='ocrx_word' id='word_1_73' title='bbox 671 1929 784 1988; x_wconf 88' lang='lat' dir='ltr'><strong>tameu</strong></span> <span class='ocrx_word' id='word_1_74' title='bbox 799 1915 873 1988; x_wconf 87' lang='lat' dir='ltr'><strong>illas</strong></span> <span class='ocrx_word' id='word_1_75' title='bbox 890 1939 1016 2012; x_wconf 87' lang='lat' dir='ltr'><strong>poenas</strong></span> <span class='ocrx_word' id='word_1_76' title='bbox 1035 1913 1171 1993; x_wconf 85' lang='lat' dir='ltr'><strong>easdem</strong></span> 
     </span>
     <span class='ocr_line' id='line_1_13' title="bbox 235 2050 1172 2152; baseline 0.003 -30"><span class='ocrx_word' id='word_1_77' title='bbox 235 2076 306 2123; x_wconf 86' lang='lat' dir='ltr'><strong>esse</strong></span> <span class='ocrx_word' id='word_1_78' title='bbox 336 2077 414 2122; x_wconf 89' lang='lat' dir='ltr'><strong>cum</strong></span> <span class='ocrx_word' id='word_1_79' title='bbox 443 2051 509 2139; x_wconf 80' lang='lat' dir='ltr'><strong>iis,</strong></span> <span class='ocrx_word' id='word_1_80' title='bbox 544 2050 587 2122; x_wconf 90' lang='lat' dir='ltr'><strong>de</strong></span> <span class='ocrx_word' id='word_1_81' title='bbox 626 2052 748 2152; x_wconf 88' lang='lat' dir='ltr'><strong>quibus</strong></span> <span class='ocrx_word' id='word_1_82' title='bbox 774 2051 830 2124; x_wconf 90' lang='lat' dir='ltr'><strong>hic</strong></span> <span class='ocrx_word' id='word_1_83' title='bbox 859 2053 1053 2150; x_wconf 86' lang='lat' dir='ltr'><strong>loquimur,</strong></span> <span class='ocrx_word' id='word_1_84' title='bbox 1086 2054 1172 2125; x_wconf 82' lang='lat' dir='ltr'><strong>faci·</strong></span> 
     </span>
     <span class='ocr_line' id='line_1_14' title="bbox 232 2187 1171 2288; baseline 0 -26"><span class='ocrx_word' id='word_1_85' title='bbox 232 2189 266 2262; x_wconf 81' lang='lat' dir='ltr'><strong>le&#39;</strong></span> <span class='ocrx_word' id='word_1_86' title='bbox 298 2189 444 2285; x_wconf 85' lang='lat' dir='ltr'><strong>quisque</strong></span> <span class='ocrx_word' id='word_1_87' title='bbox 472 2187 640 2288; x_wconf 85' lang='lat' dir='ltr'><strong>intelligit.</strong></span> <span class='ocrx_word' id='word_1_88' title='bbox 688 2187 742 2260; x_wconf 81' lang='lat' dir='ltr'><strong>Ad</strong></span> <span class='ocrx_word' id='word_1_89' title='bbox 768 2214 953 2286; x_wconf 80' lang='lat' dir='ltr'><strong>poenarum</strong></span> <span class='ocrx_word' id='word_1_90' title='bbox 982 2199 1072 2261; x_wconf 88' lang='lat' dir='ltr'><strong>enim</strong></span> <span class='ocrx_word' id='word_1_91' title='bbox 1104 2215 1171 2262; x_wconf 74' lang='lat' dir='ltr'><strong>nu-</strong></span> 
     </span>
     <span class='ocr_line' id='line_1_15' title="bbox 234 2302 1171 2430; baseline -0.006 -28"><span class='ocrx_word' id='word_1_92' title='bbox 234 2328 380 2416; x_wconf 81' lang='lat' dir='ltr'><strong>tionam,</strong></span> <span class='ocrx_word' id='word_1_93' title='bbox 414 2327 529 2424; x_wconf 86' lang='lat' dir='ltr'><strong>quales</strong></span> <span class='ocrx_word' id='word_1_94' title='bbox 559 2352 613 2399; x_wconf 88' lang='lat' dir='ltr'><strong>eas</strong></span> <span class='ocrx_word' id='word_1_95' title='bbox 641 2352 731 2399; x_wconf 90' lang='lat' dir='ltr'><strong>nunc</strong></span> <span class='ocrx_word' id='word_1_96' title='bbox 756 2327 859 2430; x_wconf 83' lang='lat' dir='ltr'><strong>vulgo</strong></span> <span class='ocrx_word' id='word_1_97' title='bbox 889 2340 924 2398; x_wconf 86' lang='lat' dir='ltr'><strong>et</strong></span> <span class='ocrx_word' id='word_1_98' title='bbox 950 2328 987 2400; x_wconf 90' lang='lat' dir='ltr'><strong>iu</strong></span> <span class='ocrx_word' id='word_1_99' title='bbox 1014 2328 1086 2410; x_wconf 78' lang='lat' dir='ltr'><strong>foro</strong></span> <span class='ocrx_word' id='word_1_100' title='bbox 1112 2302 1171 2397; x_wconf 91' lang='lat' dir='ltr'><strong>iu-</strong></span> 
     </span>
     <span class='ocr_line' id='line_1_16' title="bbox 233 2465 1169 2566; baseline 0.001 -29"><span class='ocrx_word' id='word_1_101' title='bbox 233 2465 435 2564; x_wconf 84' lang='lat' dir='ltr'><strong>telligimus,</strong></span> <span class='ocrx_word' id='word_1_102' title='bbox 471 2468 619 2566; x_wconf 86' lang='lat' dir='ltr'><strong>requiei,</strong></span> <span class='ocrx_word' id='word_1_103' title='bbox 656 2479 730 2538; x_wconf 90' lang='lat' dir='ltr'><strong>tum</strong></span> <span class='ocrx_word' id='word_1_104' title='bbox 760 2478 799 2541; x_wconf 88' lang='lat' dir='ltr'><strong>ut</strong></span> <span class='ocrx_word' id='word_1_105' title='bbox 837 2479 912 2537; x_wconf 89' lang='lat' dir='ltr'><strong>ante</strong></span> <span class='ocrx_word' id='word_1_106' title='bbox 951 2466 1169 2538; x_wconf 89' lang='lat' dir='ltr'><strong>commissum</strong></span> 
     </span>
     <span class='ocr_line' id='line_1_17' title="bbox 231 2602 1170 2704; baseline -0.002 -25"><span class='ocrx_word' id='word_1_107' title='bbox 231 2606 357 2679; x_wconf 86' lang='lat' dir='ltr'><strong>factum</strong></span> <span class='ocrx_word' id='word_1_108' title='bbox 378 2602 587 2702; x_wconf 85' lang='lat' dir='ltr'><strong>prohibitum</strong></span> <span class='ocrx_word' id='word_1_109' title='bbox 608 2604 663 2676; x_wconf 82' lang='lat' dir='ltr'><strong>lex</strong></span> <span class='ocrx_word' id='word_1_110' title='bbox 685 2604 794 2704; x_wconf 88' lang='lat' dir='ltr'><strong>aliqua</strong></span> <span class='ocrx_word' id='word_1_111' title='bbox 822 2629 877 2677; x_wconf 91' lang='lat' dir='ltr'><strong>eas</strong></span> <span class='ocrx_word' id='word_1_112' title='bbox 896 2605 1096 2677; x_wconf 89' lang='lat' dir='ltr'><strong>comminata</strong></span> <span class='ocrx_word' id='word_1_113' title='bbox 1111 2607 1170 2677; x_wconf 66' lang='lat' dir='ltr'><strong>fu«.</strong></span> 
     </span>
     <span class='ocr_line' id='line_1_18' title="bbox 235 2741 1169 2842; baseline 0.005 -30"><span class='ocrx_word' id='word_1_114' title='bbox 235 2743 317 2829; x_wconf 85' lang='lat' dir='ltr'><strong>erit,</strong></span> <span class='ocrx_word' id='word_1_115' title='bbox 345 2753 423 2814; x_wconf 87' lang='lat' dir='ltr'><strong>tum</strong></span> <span class='ocrx_word' id='word_1_116' title='bbox 443 2755 482 2826; x_wconf 88' lang='lat' dir='ltr'><strong>ut</strong></span> <span class='ocrx_word' id='word_1_117' title='bbox 503 2741 637 2840; x_wconf 84' lang='lat' dir='ltr'><strong>publica</strong></span> <span class='ocrx_word' id='word_1_118' title='bbox 660 2745 854 2816; x_wconf 84' lang='lat' dir='ltr'><strong>auctoritate</strong></span> <span class='ocrx_word' id='word_1_119' title='bbox 882 2744 1094 2842; x_wconf 82' lang='lat' dir='ltr'><strong>infligantur,</strong></span> <span class='ocrx_word' id='word_1_120' title='bbox 1115 2769 1169 2817; x_wconf 88' lang='lat' dir='ltr'><strong>res</strong></span> 
     </span>
    </p>
   </div>
   <div class='ocr_carea' id='block_1_5' title="bbox 233 2879 1169 2980">
    <p class='ocr_par' dir='ltr' id='par_1_5' title="bbox 233 2879 1169 2980">
     <span class='ocr_line' id='line_1_19' title="bbox 233 2879 1169 2980; baseline 0.001 -25"><span class='ocrx_word' id='word_1_121' title='bbox 233 2879 391 2955; x_wconf 84' lang='lat' dir='ltr'><strong>omuibus</strong></span> <span class='ocrx_word' id='word_1_122' title='bbox 440 2894 518 2954; x_wconf 84' lang='lat' dir='ltr'><strong>notu</strong></span> <span class='ocrx_word' id='word_1_123' title='bbox 560 2894 620 2955; x_wconf 87' lang='lat' dir='ltr'><strong>est.</strong></span> <span class='ocrx_word' id='word_1_124' title='bbox 685 2881 863 2980; x_wconf 88' lang='lat' dir='ltr'><strong>Ejusmodi</strong></span> <span class='ocrx_word' id='word_1_125' title='bbox 913 2908 993 2959; x_wconf 80' lang='lat' dir='ltr'><strong>vero</strong></span> <span class='ocrx_word' id='word_1_126' title='bbox 1042 2906 1169 2980; x_wconf 83' lang='lat' dir='ltr'><strong>poenas</strong></span> 
     </span>
    </p>
   </div>
   <div class='ocr_carea' id='block_1_6' title="bbox 232 3017 1168 3119">
    <p class='ocr_par' dir='ltr' id='par_1_6' title="bbox 232 3017 1168 3119">
     <span class='ocr_line' id='line_1_20' title="bbox 232 3017 1168 3119; baseline -0.001 -28"><span class='ocrx_word' id='word_1_127' title='bbox 232 3033 309 3102; x_wconf 88' lang='lat' dir='ltr'><strong>ante</strong></span> <span class='ocrx_word' id='word_1_128' title='bbox 347 3017 445 3092; x_wconf 88' lang='lat' dir='ltr'><strong>initas</strong></span> <span class='ocrx_word' id='word_1_129' title='bbox 481 3020 672 3108; x_wconf 76' lang='lat' dir='ltr'><strong>societateS,</strong></span> <span class='ocrx_word' id='word_1_130' title='bbox 709 3035 785 3094; x_wconf 86' lang='lat' dir='ltr'><strong>aute</strong></span> <span class='ocrx_word' id='word_1_131' title='bbox 819 3020 996 3103; x_wconf 85' lang='lat' dir='ltr'><strong>constituta</strong></span> <span class='ocrx_word' id='word_1_132' title='bbox 1025 3020 1168 3119; x_wconf 83' lang='lat' dir='ltr'><strong>imperia</strong></span> 
     </span>
    </p>
   </div>
   <div class='ocr_carea' id='block_1_7' title="bbox 231 3157 1280 3923">
    <p class='ocr_par' dir='ltr' id='par_1_7' title="bbox 231 3157 1169 3395">
     <span class='ocr_line' id='line_1_21' title="bbox 231 3157 1169 3258; baseline -0.004 -28"><span class='ocrx_word' id='word_1_133' title='bbox 231 3159 319 3256; x_wconf 83' lang='lat' dir='ltr'><strong>exigi</strong></span> <span class='ocrx_word' id='word_1_134' title='bbox 343 3183 411 3230; x_wconf 89' lang='lat' dir='ltr'><strong>non</strong></span> <span class='ocrx_word' id='word_1_135' title='bbox 440 3158 610 3257; x_wconf 86' lang='lat' dir='ltr'><strong>potuisse,</strong></span> <span class='ocrx_word' id='word_1_136' title='bbox 638 3183 691 3230; x_wconf 87' lang='lat' dir='ltr'><strong>res</strong></span> <span class='ocrx_word' id='word_1_137' title='bbox 713 3172 763 3232; x_wconf 85' lang='lat' dir='ltr'><strong>est</strong></span> <span class='ocrx_word' id='word_1_138' title='bbox 789 3157 873 3231; x_wconf 87' lang='lat' dir='ltr'><strong>adeo</strong></span> <span class='ocrx_word' id='word_1_139' title='bbox 901 3157 1096 3258; x_wconf 81' lang='lat' dir='ltr'><strong>perspicua,</strong></span> <span class='ocrx_word' id='word_1_140' title='bbox 1129 3169 1169 3238; x_wconf 80' lang='lat' dir='ltr'><strong>ut</strong></span> 
     </span>
     <span class='ocr_line' id='line_1_22' title="bbox 232 3298 1169 3395; baseline -0.001 -29"><span class='ocrx_word' id='word_1_141' title='bbox 232 3298 381 3392; x_wconf 86' lang='lat' dir='ltr'><strong>profecto</strong></span> <span class='ocrx_word' id='word_1_142' title='bbox 422 3313 544 3394; x_wconf 80' lang='lat' dir='ltr'><strong>magno</strong></span> <span class='ocrx_word' id='word_1_143' title='bbox 579 3311 854 3395; x_wconf 85' lang='lat' dir='ltr'><strong>argumentorum</strong></span> <span class='ocrx_word' id='word_1_144' title='bbox 895 3309 1057 3394; x_wconf 79' lang='lat' dir='ltr'><strong>apparatu</strong></span> <span class='ocrx_word' id='word_1_145' title='bbox 1093 3317 1169 3376; x_wconf 85' lang='lat' dir='ltr'><strong>eam</strong></span> 
     </span>
    </p>

    <p class='ocr_par' dir='ltr' id='par_1_8' title="bbox 231 3432 1280 3923">
     <span class='ocr_line' id='line_1_23' title="bbox 234 3432 1079 3511; baseline 0.004 -11"><span class='ocrx_word' id='word_1_146' title='bbox 234 3432 458 3511; x_wconf 80' lang='lat' dir='ltr'><strong>demonstrare</strong></span> <span class='ocrx_word' id='word_1_147' title='bbox 488 3445 523 3504; x_wconf 87' lang='lat' dir='ltr'><strong>et</strong></span> <span class='ocrx_word' id='word_1_148' title='bbox 547 3435 743 3505; x_wconf 87' lang='lat' dir='ltr'><strong>eonfiuuare</strong></span> <span class='ocrx_word' id='word_1_149' title='bbox 772 3458 907 3504; x_wconf 88' lang='lat' dir='ltr'><strong>necesso</strong></span> <span class='ocrx_word' id='word_1_150' title='bbox 938 3434 1079 3504; x_wconf 86' lang='lat' dir='ltr'><strong>nonsit.</strong></span> 
     </span>
     <span class='ocr_line' id='line_1_24' title="bbox 281 3567 1168 3668; baseline 0.007 -28"><span class='ocrx_word' id='word_1_151' title='bbox 281 3569 345 3644; x_wconf 89' lang='lat' dir='ltr'><strong>Uti</strong></span> <span class='ocrx_word' id='word_1_152' title='bbox 375 3580 486 3640; x_wconf 87' lang='lat' dir='ltr'><strong>autem</strong></span> <span class='ocrx_word' id='word_1_153' title='bbox 512 3567 562 3650; x_wconf 85' lang='lat' dir='ltr'><strong>sio</strong></span> <span class='ocrx_word' id='word_1_154' title='bbox 588 3583 665 3643; x_wconf 85' lang='lat' dir='ltr'><strong>aute</strong></span> <span class='ocrx_word' id='word_1_155' title='bbox 693 3570 790 3643; x_wconf 86' lang='lat' dir='ltr'><strong>initas</strong></span> <span class='ocrx_word' id='word_1_156' title='bbox 817 3569 990 3642; x_wconf 87' lang='lat' dir='ltr'><strong>societates</strong></span> <span class='ocrx_word' id='word_1_157' title='bbox 1018 3572 1168 3668; x_wconf 87' lang='lat' dir='ltr'><strong>ejusmo-</strong></span> 
     </span>
     <span class='ocr_line' id='line_1_25' title="bbox 231 3696 1280 3817; baseline 0.008 -38"><span class='ocrx_word' id='word_1_158' title='bbox 231 3709 268 3790; x_wconf 87' lang='lat' dir='ltr'><strong>di</strong></span> <span class='ocrx_word' id='word_1_159' title='bbox 290 3731 420 3814; x_wconf 81' lang='lat' dir='ltr'><strong>poenae</strong></span> <span class='ocrx_word' id='word_1_160' title='bbox 445 3707 531 3807; x_wconf 61' lang='lat' dir='ltr'><strong>exigi</strong></span> <span class='ocrx_word' id='word_1_161' title='bbox 557 3734 626 3783; x_wconf 90' lang='lat' dir='ltr'><strong>nou</strong></span> <span class='ocrx_word' id='word_1_162' title='bbox 659 3720 860 3816; x_wconf 85' lang='lat' dir='ltr'><strong>potuerunt,</strong></span> <span class='ocrx_word' id='word_1_163' title='bbox 902 3696 948 3789; x_wconf 80' lang='lat' dir='ltr'><strong>ita</strong></span> <span class='ocrx_word' id='word_1_164' title='bbox 977 3710 1059 3809; x_wconf 83' lang='lat' dir='ltr'><strong>quin</strong></span> <span class='ocrx_word' id='word_1_165' title='bbox 1088 3735 1168 3786; x_wconf 89' lang='lat' dir='ltr'><strong>cum</strong></span> <span class='ocrx_word' id='word_1_166' title='bbox 1278 3814 1280 3817; x_wconf 15' lang='grc' dir='ltr'>Ι</span> 
     </span>
     <span class='ocr_line' id='line_1_26' title="bbox 752 3847 1169 3923; baseline 0.007 -3"><span class='ocrx_word' id='word_1_167' title='bbox 752 3849 829 3921; x_wconf 85' lang='lat' dir='ltr'><strong>Ba</strong></span> <span class='ocrx_word' id='word_1_168' title='bbox 1117 3847 1169 3923; x_wconf 58' lang='lat' dir='ltr'><strong>cia</strong></span> 
     </span>
    </p>
   </div>
   <div class='ocr_carea' id='block_1_8' title="bbox 0 0 1418 4964">
    <p class='ocr_par' dir='ltr' id='par_1_9' title="bbox 0 0 1418 4964">
     <span class='ocr_line' id='line_1_27' title="bbox 0 0 1418 4964; baseline 0 0"><span class='ocrx_word' id='word_1_169' title='bbox 0 0 1418 4964; x_wconf 95' lang='lat' dir='ltr'><strong> </strong></span> 
     </span>
    </p>
   </div>
  </div>
 </body>
</html>
