2828 4964
473 266 475 269 .
508 327 921 408 INAUGUnsLn.
1134 329 1179 402 51

235 556 340 634 'quem
374 511 545 607 Senonum
577 558 687 606 mores
724 546 758 607 et
792 533 942 608 instituta
974 537 1171 613 referuntur.

237 673 333 765 Quae
359 672 497 771 quidem
520 697 561 745 eo
588 675 721 770 majoris
744 671 909 744 momenti
932 670 975 744 ad
1003 671 1091 744 hune
1116 673 1171 746 lo-

235 837 317 886 cum
338 809 489 908 probatio
508 820 577 900 est,
610 837 687 884 cum
712 836 754 884 ex
778 807 934 884 omuibus
968 809 1172 910 reliquomm

241 947 485 1024 Germanorum
520 950 683 1050 exemplis
725 962 856 1022 certum
891 947 953 1038 sit,
996 947 1107 1046 prima
1143 959 1177 1023 et

241 1088 417 1186 praecipua
440 1113 573 1162 morum
600 1101 635 1161 et
661 1088 775 1185 legum
806 1087 1010 1158 incrementa
1035 1111 1103 1158 non
1120 1084 1176 1158 ni·-

237 1225 268 1299 si
297 1238 374 1324 post
399 1224 590 1326 adoptatam
622 1225 820 1323 religionem
854 1223 1072 1298 Christianam
1109 1248 1170 1296 ex-

241 1364 383 1453 stitisse,
415 1391 482 1460 que
506 1366 542 1440 in
565 1388 602 1436 re
630 1387 734 1463 quam
765 1361 851 1440 tardi
884 1360 1030 1436 Saxones
1052 1361 1176 1460 impri-

244 1503 313 1574 mis
341 1503 484 1591 fuerint,
518 1500 597 1575 sotis
623 1525 664 1578 ex
688 1499 823 1576 histon'a
847 1513 971 1576 notum
1000 1515 1060 1578 est.

651 1762 866 1877 se·

384 2060 443 2132 De
469 2057 694 2150 Regionibus
723 2058 907 2150 Belgicis,
944 2080 1037 2152 quoe

504 2197 688 2303 Frisones
701 2204 910 2266 tenuerunt.

291 2465 396 2566 Quod
419 2472 542 2549 sivero
564 2472 751 2550 secundum
772 2497 828 2561 ea,
862 2495 950 2575 quoe
971 2465 1074 2543 modo
1087 2466 1178 2546 dixi-

243 2637 345 2701 mus,
368 2611 535 2686 Saxonum
557 2613 592 2684 in
616 2609 669 2685 his
692 2609 886 2711 regionibus
909 2611 1056 2685 nonnisi
1082 2624 1177 2685 tran·

243 2751 333 2821 siens
367 2750 541 2822 auctoritas
569 2748 689 2840 fuerit',
736 2762 775 2822 ut
811 2775 926 2822 eorum
960 2748 1092 2848 legibus
1119 2760 1177 2821 aut

242 2873 396 2962 moninus
433 2885 526 2960 locus
563 2889 600 2961 in
628 2888 713 2961 serie
750 2902 785 2962 et
817 2890 1024 2964 successione
1048 2889 1175 2986 jurium

238 3027 426 3125 paniorum
464 3027 521 3111 vix
559 3026 755 3102 tribuendus
801 3029 864 3117 sit,
899 3028 943 3102 de
976 3026 1173 3099 Frisonibus

236 3179 351 3239 contra
389 3167 453 3238 alia
493 3167 605 3240 omnia
644 3165 784 3239 dicendo
822 3181 917 3257 sunt,
954 3166 1082 3265 quippe
1113 3160 1174 3259 qni

235 3327 305 3374 non
333 3315 464 3375 tontum
495 3303 591 3376 sedes
628 3328 704 3375 suas
743 3304 895 3402 antiquas
927 3304 1013 3376 mira
1045 3304 1171 3376 virtute

236 3448 272 3509 et
311 3462 462 3510 suecessu
499 3440 570 3511 iere
598 3439 785 3512 incredibili
816 3465 950 3535 semper
978 3447 1173 3526 tenuerunt,

234 3599 356 3652 verum
384 3576 484 3648 etiem
505 3575 589 3646 fines
620 3598 698 3648 suos
728 3575 773 3648 ita
803 3568 983 3674 aliquando
1008 3573 1169 3649 extende-

230 3705 331 3807 mnt,
365 3726 404 3787 nt
430 3738 494 3813 per
512 3713 641 3786 saecula
659 3737 776 3787 omnes
799 3714 868 3787 fere
884 3714 1055 3816 regiones,
1079 3739 1165 3814 quae

681 3851 807 3926 'G2
954 3927 956 3933 ,
1101 3854 1166 3927 de-
