2828 4964
492 359 936 446 ruruourrrrn
1047 381 1058 419 i·
1126 295 1180 444 os
1290 424 1293 433 ,

230 581 286 642 nro
317 540 510 644 verosimile
530 569 688 662 videtur,
718 593 795 643 eom
823 591 960 642 omnem
983 590 1055 642 rem
1077 582 1169 644 tam·

232 734 338 806 quam
368 707 523 806 publicae
558 708 856 784 administrationis
882 719 1011 804 partem
1033 706 1077 780 ad
1109 726 1168 780 re-

232 873 294 945 ges
312 847 369 920 rel
396 869 512 920 eorum
543 847 715 946 delegatos
743 844 965 944 pertinuisse,
1008 844 1068 944 qui
1104 836 1167 942 pro

230 1009 270 1056 re
294 995 390 1072 unta,
413 986 485 1058 sire
521 985 636 1058 audito
668 986 807 1058 oonsilio
833 986 907 1059 sive
936 1005 1005 1056 nou
1030 981 1166 1071 audito,

231 1133 411 1195 statuerent
432 1121 520 1222 (1·):
548 1123 673 1221 idque,
707 1123 892 1222 seeundum
918 1120 1072 1195 eamdem
1096 1120 1167 1221 hy.

230 1259 406 1358 pothesin,
435 1282 539 1360 quam
565 1287 662 1360 supra
682 1264 752 1357 jarn
773 1262 1036 1361 proposuimus,
1059 1286 1183 1361 prop-⁴

230 1411 283 1470 ter
314 1397 480 1471 vindictae
520 1397 747 1498 principiumt
800 1379 851 1472 ¹ud
891 1419 1171 1499 unumquemque

231 1537 362 1609 laesum
397 1538 550 1636 proxime
578 1535 691 1609 delicti
713 1530 951 1610 coercitionem
979 1539 1171 1637 pertinere,

231 1674 385 1774 adeoque
412 1677 581 1749 civitatem
596 1673 661 1746 sibi
679 1675 787 1748 illatas
813 1676 950 1774 iujurias
977 1675 1170 1765 vindicare,

229 1816 280 1886 uti
305 1816 427 1914 privati
444 1814 508 1886 sibi
532 1815 634 1887 factas
665 1811 887 1888 vindicabant
929 1813 1004 1905 Qua
1024 1813 1166 1918 quidem

231 1956 334 2025 semel
356 1953 503 2050 admissu
518 1949 717 2050 hypothesi,
746 1949 843 2024 facile
863 1976 1001 2050 quoque
1024 1953 1169 2027 alterum

232 2095 399 2190 sequitur:
432 2087 520 2162 illud
542 2090 644 2160 etiam
667 2088 815 2158 maxime
844 2087 909 2158 sibi
939 2089 1071 2187 legibus
1101 2093 1171 2164 suis

234 2229 449 2329 proposuisse
477 2225 604 2324 primos
627 2222 704 2296 illos
726 2222 950 2319 legislatores,
980 2237 1018 2298 ut
1046 2229 1173 2300 cousti-

233 2371 315 2442 tutis
347 2344 446 2438 certis
475 2362 689 2461 definitisque
709 2363 829 2459 poeuis
848 2362 1014 2461 privatum
1041 2362 1176 2438 vindic-

232 2520 303 2578 tam
332 2507 418 2580 iutra
452 2505 578 2578 limites
610 2503 825 2589 reducerent,
865 2501 937 2576 sive
962 2513 1001 2575 ut
1029 2503 1095 2602 ipsi
1120 2504 1176 2577 le-

233 2646 286 2742 gis
320 2656 470 2715 auctores
501 2642 708 2741 loquuntur,
734 2651 774 2712 ut
801 2642 915 2733 juxta
955 2645 1174 2735 qualitatem
1211 2604 1228 2671 l

233 2803 433 2852 causarum
469 2791 632 2851 sumeret
665 2778 763 2849 actio
802 2780 1009 2854 criminalis
1044 2784 1175 2856 termt'«

231 2947 322 2994 num
350 2918 436 3021 (0).

279 3065 392 3162 Atque
427 3057 506 3135 huic·
540 3056 680 3160 quidem
722 3057 807 3158 legis
852 3083 954 3156 scopo
992 3059 1173 3158 praecipuo

227 3225 299 3273 non
319 3202 421 3272 etiam
446 3199 664 3287 convenisse,
688 3209 727 3269 ut
754 3223 838 3297 ques
857 3197 930 3299 ipsa
958 3211 1071 3271 contra
1085 3223 1172 3297 pro-

1117 3331 1176 3409 di·

273 3512 385 3586 (ι)ιι
347 3510 385 3560 La
388 3506 487 3561 tinore
512 3508 545 3560 dr
564 3509 757 3561 revidebimus
776 3510 892 3578 intret.
914 3511 941 3564 6.

270 3597 474 3670 (neuque
496 3599 597 3666 egreieg
582 3597 647 3647 ced
634 3599 742 3648 cornui
760 3594 1169 3662 hmelocodctcrmmltr

233 3706 263 3746 n.
286 3701 445 3741 rensuum
469 3689 540 3757 Erpr
526 3689 580 3743 rit,
597 3686 710 3754 Ore'gr'm
731 3693 758 3738 et
785 3690 872 3761 Progr
859 3679 903 3744 rte
928 3693 1172 3753 lotnartensium

228 3779 400 3838 ludiciaireo
420 3777 480 3835 Vol.
501 3779 525 3839 l.
549 3796 577 3849 p.
598 3777 658 3835 260
680 3784 792 3853 etteqq.
1164 3796 1170 3811 ²

732 3869 756 3955 l
