2828 4964
441 384 446 396 “
495 364 941 443 INAUGURALE0'·
1151 370 1176 442 5

232 593 298 668 que
326 570 419 643 illam
442 567 684 641 humanitatem
712 594 869 666 superare
899 571 1055 667 possint,
1085 571 1166 673 quin

232 720 350 806 sponte
388 720 561 793 corruant,
604 731 704 778 nemo
721 770 725 778 .
742 720 792 778 est
815 710 983 804 profecto,
1024 714 1164 807 quiin-

231 846 318 916 fitias
347 845 430 932 ibit,
450 870 500 916 ex
533 842 584 915 his
616 845 724 931 solis,
765 843 872 943 idque
900 846 1094 941 plenissime
1120 847 1162 917 ad

230 982 434 1081 propositam
470 981 512 1055 de
553 959 694 1054 humani
726 983 857 1079 generis
886 987 1089 1080 perfectione
1128 996 1161 1055 ct

231 1120 461 1220 progressibus
509 1119 741 1220 quaestionem
775 1119 966 1217 responderi
1016 1146 1155 1222 posse..¹
1232 1125 1233 1128 ’

278 1257 388 1355 Atque
428 1256 510 1328 haec
552 1255 691 1354 quidem
711 1257 862 1366 lemnia,
892 1284 969 1329 cum
1005 1261 1049 1328 ita
1089 1282 1161 1328 csse

219 1391 365 1492 'semper
385 1392 468 1466 mihi
490 1391 667 1482 visasint,
702 1408 880 1493 postquam
900 1395 1036 1492 optimis
1056 1394 1161 1466 Prae·

233 1530 423 1627 ceptorihus
447 1530 609 1622 ducibus,
643 1531 686 1604 ad
708 1532 862 1621 interiora
886 1530 1160 1629 jurisprudentiae
1252 1627 1255 1633 ·

231 1693 320 1767 sacra
344 1641 446 1766 paulo
468 1670 607 1767 propius
630 1669 847 1757 accesserim,
877 1652 1004 1739 nemini
1033 1670 1157 1740 mimm

230 1807 353 1905 poterit
377 1806 504 1898 videri,
538 1805 707 1908 quomodo
728 1809 853 1880 factum
877 1806 940 1895 sit,
971 1819 1009 1879 ut
1029 1807 1160 1879 studio·

231 1969 307 2016 rum
335 1943 472 2044 aliquod
500 1945 668 2041 specimen
695 1945 773 2016 dare
799 1943 990 2042 obligatus,
1024 1970 1065 2016 cx
1094 1944 1159 2018 hoc

208 2082 333 2176 »etiam
357 2082 448 2169 loco,
483 2081 681 2180 gravissimo
713 2082 812 2152 simul
842 2093 874 2151 et
898 2079 1158 2176 jucundissimo,

233 2217 318 2294 mihi
356 2217 520 2292 scribendi
565 2217 738 2288 materiam
784 2216 984 2304 sumserim,
1029 2218 1155 2292 viribus

233 2355 372 2457 quidem
403 2358 487 2431 meis
519 2357 655 2429 fortasse
692 2356 877 2455 imparem,
921 2352 981 2424 scd
1011 2379 1079 2423 non
1112 2355 1160 2426 ita

224 2509 320 2589 certe
353 2522 374 2566 a
409 2495 524 2569 multis
560 2507 811 2592 pertractatam,
855 2505 894 2563 ut
925 2517 993 2563 non
1025 2489 1159 2563 veniam

231 2630 316 2706 mihi
347 2633 412 2704 loci
452 2632 626 2708 difficultas
663 2646 697 2704 et
728 2629 917 2735 amplitudo
952 2632 1057 2729 possit
1093 2654 1156 2728 pro

232 2767 332 2842 laude
365 2768 549 2844 conciliare.

278 2909 349 2982 Nec
386 2921 499 2979 tamen
535 2919 664 2998 totum,
697 2934 801 3010 quem
830 2907 999 2996 diximus,
1044 2908 1157 2980 locum

231 3045 350 3144 aliquis
382 3043 445 3117 hoc
485 3047 667 3143 specimine
699 3060 897 3145 pertractare
938 3071 993 3117 me
1028 3046 1158 3120 voluis-‚o

231 3208 266 3260 se
307 3182 428 3261 credat.
493 3187 579 3260 Nam
614 3198 647 3256 et
690 3167 829 3280 juvenili
876 3185 975 3256 aetati
1016 3183 1157 3276 collige-

230 3345 267 3390 re
308 3322 414 3391 multo
459 3323 595 3419 magis,
652 3349 754 3418 quam
788 3321 957 3420 generales
1001 3345 1044 3390 err
1084 3318 1158 3388 col„

231 3441 327 3529 lectis
361 3456 512 3528 veritates
541 3482 734 3556 proponere
772 3458 944 3546 convenit,
978 3480 1040 3529 nee
1071 3479 1160 3550 paut-

231 3617 347 3668 corum
377 3595 524 3688 prolecto
561 3618 724 3666 annorum
760 3595 861 3665 series
898 3591 1055 3678 sufficiet,
1103 3603 1160 3678 ut,

229 3758 316 3844 quae
366 3757 442 3815 non,
473 3731 606 3816 nisiex
652 3730 803 3804 omnium
852 3729 994 3830 legum,
1043 3755 1161 3830 popu·

729 3876 758 3953 A
782 3871 805 3943 5
1120 3866 1164 3944 lis
