2828 4964
406 263 491 427 ¹72⁴
628 314 865 399 sueorum
886 298 1156 402 smmum

416 528 576 602 tutionem
597 525 697 626 hujus
716 528 782 601 loci
805 551 897 615 esse,
934 526 1065 626 duplici
1090 539 1222 601 tantum
1243 521 1374 599 obser-

415 670 550 740 vatione
570 668 684 741 locum
701 666 790 739 hune
807 664 851 737 de
878 663 1011 737 delictis
1039 677 1073 738 et
1092 666 1213 763 poenis
1240 667 1366 765 singu.

414 805 458 878 lis
485 805 722 893 absolvemus,
744 827 887 905 quarum
900 803 1002 915 pltera
1034 804 1145 903 magis
1179 801 1224 875 ad
1254 802 1367 877 delic-

419 956 469 1032 u,
507 944 608 1016 altera
638 943 746 1042 magis
774 941 818 1014 nd
848 918 974 1042 pdeuns
1002 943 1162 1039 pertinet.
1275 936 1278 942 ¹

464 1081 554 1154 Cum
578 1080 728 1153 enimin
750 1083 845 1155 omni
863 1079 1081 1152 humanitatis
1103 1072 1239 1151 historie
1278 1080 1368 1153 illud

415 1219 583 1318 imprimis
600 1219 738 1292 maximi
762 1220 805 1292 sit
833 1220 1016 1307 momenti,
1051 1221 1244 1321 exquirere,
1277 1220 1367 1319 quid

412 1359 565 1435 diversae
588 1371 713 1432 aetates
743 1371 929 1460 gentesque
958 1358 1047 1436 inter
1076 1355 1197 1430 delicte
1232 1357 1366 1464 retule-

281 1564 291 1581 ,
414 1500 505 1587 rint,
536 1498 623 1571 hene
646 1511 737 1569 certe
753 1497 1004 1595 indagationem
1031 1494 1088 1570 hic
1110 1497 1212 1571 etiam
1227 1496 1365 1569 silentiu

416 1638 597 1736 praeterire
630 1661 699 1710 nou
733 1660 926 1735 pessumum

464 1775 577 1872 Atque
611 1773 660 1846 sic
696 1776 847 1873 primum
878 1774 1016 1876 quidem
1049 1774 1162 1846 locum
1195 1785 1369 1868 occupant

418 1913 529 2006 lirrta3
570 1938 682 2014 neque
709 1925 824 1986 tomen
847 1912 929 1987 haee
952 1913 1048 1985 etiam
1078 1911 1124 1981 in
1155 1921 1367 1999 tractantur,

414 2065 455 2126 ut
492 2075 534 2125 ex
574 2050 788 2151 generalibus
822 2051 1018 2125 notionibus
1049 2062 1151 2147 atque
1182 2047 1365 2148 principiis

416 2216 472 2264 ies
498 2193 703 2268 aestimetur,
750 2189 874 2289 Incipit
900 2189 992 2262 enim
1017 2187 1187 2287 legislator
1214 2213 1234 2258 n
1264 2188 1365 2259 furtis

415 2355 615 2428 porcorum,
644 2327 770 2401 deinde
796 2327 841 2400 'eb
869 2326 923 2402 his
949 2327 1063 2426 pergit
1077 2325 1121 2399 ad
1137 2329 1224 2399 furtu
1252 2351 1365 2424 equo·

417 2491 521 2554 rum,
560 2466 689 2544 bovum
731 2482 1006 2566 caeterorumque
1048 2467 1115 2538 lere
1160 2463 1362 2535 animalium

415 2604 595 2695 omnium,
642 2632 730 2704 quae
765 2604 938 2705 pecudum
981 2628 1126 2678 numero
1170 2615 1270 2691 sunt,
1303 2617 1363 2675 aut

417 2743 586 2840 singulare
615 2743 752 2844 aliquod
782 2743 873 2843 apud
899 2756 1038 2844 gentem
1066 2743 1248 2844 agricolam
1284 2768 1363 2841 pre-

416 2879 504 2952 tium
533 2880 642 2953 solent
680 2880 822 2970 habere,
852 2895 893 2954 ut
925 2883 981 2956 vel
1011 2906 1109 2954 canes
1134 2881 1279 2956 venetici
1307 2880 1362 2952 di-

416 3043 602 3119 versaeque
641 3017 726 3093 ndeo
757 3020 896 3093 illorum
944 3027 1072 3119 species
1103 3047 1173 3092 non
1202 3020 1362 3093 omittan-

417 3169 484 3234 tur.
526 3158 647 3256 Neque
680 3171 757 3230 ante
796 3157 840 3231 de
875 3158 972 3232 luitis
1003 3159 1162 3243 universe¹
1193 3159 1360 3257 legislator

418 3297 508 3400 egit,
530 3323 634 3400 quam
649 3297 686 3370 in
702 3297 831 3398 singula
841 3298 910 3371 fere
929 3298 1017 3370 furta
1034 3322 1160 3396 poenes
1177 3298 1360 3370 constitue·

421 3440 485 3530 rit,
506 3437 631 3540 quibus
643 3437 730 3511 inter
748 3436 909 3535 agricolas
928 3437 1012 3508 alter
1029 3459 1089 3526 se,
1106 3436 1247 3509 alterius
1267 3435 1360 3508 dam·

420 3600 488 3664 no,
513 3577 671 3651 ditiorem
688 3575 829 3650 reddere
854 3572 982 3674 possit,
1007 3587 1046 3648 ut
1061 3575 1282 3674 perspicuum
1301 3574 1359 3664 sit,

421 3715 639 3808 enteomnie,
653 3714 941 3814 perdiscerem,
951 3713 1189 3807 uenationem,
1206 3737 1364 3791 omnem-r

1292 3872 1358 3961 que
