2828 4964
231 363 284 463 96
439 367 671 445 serenan
693 367 953 449 rorurcuu

236 582 290 640 tre
339 570 382 642 de
434 569 598 645 adulterio
644 573 757 645 uxoris
810 574 956 665 crimen,
1002 588 1055 647 aut
1103 577 1160 646 in·

235 710 388 782 nocentia
426 734 492 809 ope
535 710 645 784 dirina
688 711 919 786 innotesceret.
977 713 1051 804 Qua
1080 714 1159 784 mira

232 852 334 919 etiam
351 847 477 920 ratione
491 847 581 946 apud
589 849 758 921 Romanos
778 856 959 923 recolant
978 875 1030 924 Er
1041 873 1158 926 cueu-

233 1006 337 1058 maru
359 985 524 1074 vestales,
548 986 687 1061 riolrtae
695 985 877 1083 pudicitiae
894 1001 1089 1079 accusatu,
1114 991 1163 1060 in-

231 1122 419 1195 nocentiam
450 1147 544 1194 suam
572 1124 748 1222 probasse,
765 1137 880 1219 potest
916 1116 973 1197 ex'
991 1150 1163 1200 varnero

232 1283 397 1336 uanam
422 1260 578 1362 cognosci
608 1256 697 1360 (r).
743 1263 880 1336 Novum
904 1289 987 1361 ergo
1007 1290 1071 1337 non
1097 1278 1163 1337 erat

232 1426 343 1501 neque
368 1425 503 1500 prorsus
537 1397 762 1507 inauditum,
784 1399 1060 1495 gravissimarum
1103 1401 1165 1474 du-

233 1537 433 1638 biarnmque
470 1564 585 1611 rerum
629 1536 860 1611 definitionem
907 1537 1026 1612 divino
1071 1566 1164 1613 com·

238 1677 329 1746 mitti
350 1675 486 1772 judicio.
534 1677 578 1748 Et
600 1701 679 1748 sane
698 1674 861 1777 quamdiu
883 1681 1041 1774 ignorent
1055 1676 1168 1750 homi·

232 1835 312 1899 nes,
350 1812 463 1882 Deum
496 1813 732 1908 generalibus,
769 1815 867 1886 certis
917 1827 951 1885 et
990 1816 1164 1913 perpetuis

230 1947 361 2049 legibus
392 1973 508 2020 omnes
542 1947 704 2023 humanas
733 1977 788 2023 res
813 1951 1049 2050 sapientissime
1079 1977 1165 2021 mo·

231 2087 365 2183 denari,
388 2088 482 2161 facile
512 2088 712 2161 arbitrantur
741 2114 821 2161 eum
845 2087 982 2188 singulis
1016 2088 1053 2159 iu
1081 2113 1164 2159 cau·

232 2228 302 2318 sis,
332 2228 524 2327 quaeipsis
560 2253 678 2326 graves
710 2251 782 2298 esse
808 2226 983 2317 videntur,
1019 2252 1080 2298 sue
1103 2225 1166 2298 de-

231 2364 312 2436 bere
349 2367 587 2465 omnipotentia
625 2368 697 2455 uti,
730 2379 768 2438 ut
807 2366 972 2437 elucescet
1005 2366 1167 2437 innocen-

233 2502 299 2588 tia,
340 2501 488 2603 vitiaque
530 2517 563 2575 et
608 2502 731 2575 scelere
767 2505 926 2601 patefiant
956 2515 1060 2600 atque
1100 2529 1166 2601 pu-

233 2638 376 2712 niantur.
424 2640 527 2713 Erant
541 2654 653 2714 autem
669 2641 835 2739 ejusmodi
858 2641 981 2738 judicia
999 2643 1066 2713 Dei
1085 2639 1160 2739 (2)

233 2775 355 2845 mediis
394 2779 532 2850 saeculis
562 2779 659 2876 plura
695 2793 730 2852 et
763 2778 928 2865 diversa,
963 2780 1026 2852 sed
1056 2781 1166 2851 omnia

235 2911 422 3008 ejusmodi,
455 2927 507 3001 ut,
543 2917 571 2984 si
593 2917 734 2989 feliciter
766 2917 980 3014 probationes
1014 2929 1164 3011 accusato

237 3050 430 3140 cessissent,
450 3050 705 3143 absolveretur,
723 3057 818 3129 velut
836 3054 951 3127 divino
972 3055 1103 3151 judicio
1116 3055 1167 3126 in-

169 3232 170 3238 *
237 3214 360 3262 nocens
382 3187 592 3278 ,declaratus3
632 3191 684 3262 sin
733 3217 812 3265 vero
851 3217 965 3280 secus,
1008 3206 1165 3292 tanquam

236 3319 408 3404 corlrictus
468 3326 666 3417 haberetur,
682 3359 692 3393 ·.
722 3329 907 3429 poenisque
971 3330 1166 3404 afficeretur.

1100 3469 1166 3541 llas

275 3627 327 3697 (1)
345 3626 410 3679 Lib·
439 3624 519 3684 Vlll.
535 3626 563 3681 0.
583 3641 606 3678 ι.
621 3624 673 3676 N0.
689 3622 715 3673 5.

275 3716 329 3781 (a)
347 3717 509 3767 Murrroru
536 3719 640 3789 dissert.
660 3716 693 3769 do
709 3713 822 3784 judiciis
842 3713 897 3773 Dei
917 3713 1042 3793 anitquis
1061 3714 1164 3776 ltaliae,

240 3798 303 3862 701.
321 3801 384 3865 W·
399 3819 431 3877 p.
452 3801 511 3869 612,
990 3796 992 3801 ’
