<?xml version="1.0" encoding="UTF-8"?>
<!DOCTYPE html PUBLIC "-//W3C//DTD XHTML 1.0 Transitional//EN"
    "http://www.w3.org/TR/xhtml1/DTD/xhtml1-transitional.dtd">
<html xmlns="http://www.w3.org/1999/xhtml" xml:lang="en" lang="en">
 <head>
  <title>
</title>
<meta http-equiv="Content-Type" content="text/html;charset=utf-8" />
  <meta name='ocr-system' content='tesseract 3.04.00' />
  <meta name='ocr-capabilities' content='ocr_page ocr_carea ocr_par ocr_line ocrx_word'/>
</head>
<body>
  <div class='ocr_page' id='page_1' title='image "./specimenjuridic00unkngoog_0048.png"; bbox 0 0 2828 4964; ppageno 0'>
   <div class='ocr_carea' id='block_1_1' title="bbox 457 342 1184 447">
    <p class='ocr_par' dir='ltr' id='par_1_1' title="bbox 457 342 1184 447">
     <span class='ocr_line' id='line_1_1' title="bbox 457 342 1184 447; baseline 0.004 -29"><span class='ocrx_word' id='word_1_1' title='bbox 457 389 459 392; x_wconf 88' lang='lat'>-</span> <span class='ocrx_word' id='word_1_2' title='bbox 499 342 950 447; x_wconf 56' lang='lat' dir='ltr'><strong>menevense„</strong></span> <span class='ocrx_word' id='word_1_3' title='bbox 1046 357 1048 360; x_wconf 41' lang='lat'><strong>⁴</strong></span> <span class='ocrx_word' id='word_1_4' title='bbox 1139 344 1184 421; x_wconf 82' lang='lat'><strong>25</strong></span> 
     </span>
    </p>
   </div>
   <div class='ocr_carea' id='block_1_2' title="bbox 244 547 1183 1482">
    <p class='ocr_par' dir='ltr' id='par_1_2' title="bbox 244 547 1183 1482">
     <span class='ocr_line' id='line_1_2' title="bbox 245 547 1182 647; baseline 0 -22"><span class='ocrx_word' id='word_1_5' title='bbox 245 553 373 626; x_wconf 83' lang='lat' dir='ltr'><strong>suimus</strong></span> <span class='ocrx_word' id='word_1_6' title='bbox 409 552 456 624; x_wconf 85' lang='lat' dir='ltr'><strong>ita</strong></span> <span class='ocrx_word' id='word_1_7' title='bbox 489 549 655 622; x_wconf 89' lang='lat' dir='ltr'><strong>difficilior</strong></span> <span class='ocrx_word' id='word_1_8' title='bbox 686 547 787 619; x_wconf 80' lang='lat' dir='ltr'><strong>etiem</strong></span> <span class='ocrx_word' id='word_1_9' title='bbox 821 548 871 618; x_wconf 87' lang='lat' dir='ltr'><strong>rei</strong></span> <span class='ocrx_word' id='word_1_10' title='bbox 903 550 1077 647; x_wconf 81' lang='lat' dir='ltr'>explicatio</span> <span class='ocrx_word' id='word_1_11' title='bbox 1112 578 1182 627; x_wconf 87' lang='lat' dir='ltr'><strong>nou</strong></span> 
     </span>
     <span class='ocr_line' id='line_1_3' title="bbox 245 686 1183 790; baseline -0.001 -27"><span class='ocrx_word' id='word_1_12' title='bbox 245 691 319 767; x_wconf 84' lang='lat' dir='ltr'><strong>erit.</strong></span> <span class='ocrx_word' id='word_1_13' title='bbox 369 686 545 790; x_wconf 88' lang='lat' dir='ltr'><strong>Quidquid</strong></span> <span class='ocrx_word' id='word_1_14' title='bbox 579 689 671 761; x_wconf 88' lang='lat' dir='ltr'><strong>enim</strong></span> <span class='ocrx_word' id='word_1_15' title='bbox 696 688 763 762; x_wconf 85' lang='lat' dir='ltr'><strong>siut</strong></span> <span class='ocrx_word' id='word_1_16' title='bbox 796 688 948 761; x_wconf 88' lang='lat' dir='ltr'>nonnulli</span> <span class='ocrx_word' id='word_1_17' title='bbox 974 692 1034 789; x_wconf 90' lang='lat' dir='ltr'><strong>qui</strong></span> <span class='ocrx_word' id='word_1_18' title='bbox 1060 715 1100 762; x_wconf 80' lang='lat' dir='ltr'><strong>ex</strong></span> <span class='ocrx_word' id='word_1_19' title='bbox 1125 692 1183 762; x_wconf 94' lang='lat' dir='ltr'><strong>in-</strong></span> 
     </span>
     <span class='ocr_line' id='line_1_4' title="bbox 244 827 1182 930; baseline -0.001 -28"><span class='ocrx_word' id='word_1_20' title='bbox 244 828 324 902; x_wconf 90' lang='lat' dir='ltr'><strong>dole</strong></span> <span class='ocrx_word' id='word_1_21' title='bbox 349 828 458 928; x_wconf 81' lang='lat' dir='ltr'><strong>gentis</strong></span> <span class='ocrx_word' id='word_1_22' title='bbox 484 829 635 930; x_wconf 69' lang='lat' dir='ltr'><strong>aerisque</strong></span> <span class='ocrx_word' id='word_1_23' title='bbox 659 828 824 926; x_wconf 77' lang='lat' dir='ltr'><strong>temperie</strong></span> <span class='ocrx_word' id='word_1_24' title='bbox 841 852 983 900; x_wconf 64' lang='lat' dir='ltr'><strong>omnem,</strong></span> <span class='ocrx_word' id='word_1_25' title='bbox 997 827 1081 899; x_wconf 81' lang='lat' dir='ltr'><strong>hanc</strong></span> <span class='ocrx_word' id='word_1_26' title='bbox 1104 829 1182 901; x_wconf 84' lang='lat' dir='ltr'><strong>vin·</strong></span> 
     </span>
     <span class='ocr_line' id='line_1_5' title="bbox 247 962 1179 1067; baseline -0.001 -28"><span class='ocrx_word' id='word_1_27' title='bbox 247 965 372 1041; x_wconf 76' lang='lat' dir='ltr'><strong>dicum</strong></span> <span class='ocrx_word' id='word_1_28' title='bbox 405 968 568 1066; x_wconf 79' lang='lat' dir='ltr'><strong>privatam</strong></span> <span class='ocrx_word' id='word_1_29' title='bbox 609 962 701 1065; x_wconf 86' lang='lat' dir='ltr'><strong>apud</strong></span> <span class='ocrx_word' id='word_1_30' title='bbox 736 964 908 1038; x_wconf 80' lang='lat' dir='ltr'><strong>Hebraeos</strong></span> <span class='ocrx_word' id='word_1_31' title='bbox 938 966 1179 1067; x_wconf 82' lang='lat' dir='ltr'><strong>orientalesque</strong></span> 
     </span>
     <span class='ocr_line' id='line_1_6' title="bbox 247 1105 1179 1206; baseline -0.001 -27"><span class='ocrx_word' id='word_1_32' title='bbox 247 1107 327 1180; x_wconf 80' lang='lat' dir='ltr'><strong>alies</strong></span> <span class='ocrx_word' id='word_1_33' title='bbox 355 1122 473 1206; x_wconf 83' lang='lat' dir='ltr'><strong>gentes</strong></span> <span class='ocrx_word' id='word_1_34' title='bbox 498 1107 662 1206; x_wconf 84' lang='lat' dir='ltr'><strong>explicere</strong></span> <span class='ocrx_word' id='word_1_35' title='bbox 694 1117 874 1195; x_wconf 88' lang='lat' dir='ltr'><strong>conentur,</strong></span> <span class='ocrx_word' id='word_1_36' title='bbox 910 1105 1008 1179; x_wconf 89' lang='lat' dir='ltr'><strong>nobis</strong></span> <span class='ocrx_word' id='word_1_37' title='bbox 1039 1105 1179 1206; x_wconf 88' lang='lat' dir='ltr'><strong>quidem</strong></span> 
     </span>
     <span class='ocr_line' id='line_1_7' title="bbox 244 1243 1180 1344; baseline 0 -26"><span class='ocrx_word' id='word_1_38' title='bbox 244 1247 287 1319; x_wconf 78' lang='lat' dir='ltr'><strong>ed</strong></span> <span class='ocrx_word' id='word_1_39' title='bbox 323 1272 454 1320; x_wconf 89' lang='lat' dir='ltr'><strong>morem</strong></span> <span class='ocrx_word' id='word_1_40' title='bbox 485 1244 569 1318; x_wconf 86' lang='lat' dir='ltr'><strong>adeo</strong></span> <span class='ocrx_word' id='word_1_41' title='bbox 602 1244 791 1342; x_wconf 75' lang='lat' dir='ltr'><strong>generalem</strong></span> <span class='ocrx_word' id='word_1_42' title='bbox 838 1243 1073 1344; x_wconf 83' lang='lat' dir='ltr'><strong>explicandum</strong></span> <span class='ocrx_word' id='word_1_43' title='bbox 1098 1271 1180 1344; x_wconf 88' lang='lat' dir='ltr'><strong>spe-</strong></span> 
     </span>
     <span class='ocr_line' id='line_1_8' title="bbox 245 1382 1181 1482; baseline -0.001 -24"><span class='ocrx_word' id='word_1_44' title='bbox 245 1385 337 1459; x_wconf 77' lang='lat' dir='ltr'><strong>cialis</strong></span> <span class='ocrx_word' id='word_1_45' title='bbox 360 1383 527 1482; x_wconf 70' lang='lat' dir='ltr'><strong>eJusmodi</strong></span> <span class='ocrx_word' id='word_1_46' title='bbox 547 1408 644 1455; x_wconf 83' lang='lat' dir='ltr'><strong>causa</strong></span> <span class='ocrx_word' id='word_1_47' title='bbox 670 1383 726 1457; x_wconf 83' lang='lat' dir='ltr'><strong>vix</strong></span> <span class='ocrx_word' id='word_1_48' title='bbox 753 1382 902 1456; x_wconf 85' lang='lat' dir='ltr'><strong>sufficere</strong></span> <span class='ocrx_word' id='word_1_49' title='bbox 927 1382 1079 1472; x_wconf 84' lang='lat' dir='ltr'><strong>videtur,</strong></span> <span class='ocrx_word' id='word_1_50' title='bbox 1102 1409 1181 1457; x_wconf 87' lang='lat' dir='ltr'><strong>cum</strong></span> 
     </span>
    </p>
   </div>
   <div class='ocr_carea' id='block_1_3' title="bbox 247 1492 1180 1621">
    <p class='ocr_par' dir='ltr' id='par_1_3' title="bbox 247 1492 1180 1621">
     <span class='ocr_line' id='line_1_9' title="bbox 247 1492 1180 1621; baseline 0.001 -27"><span class='ocrx_word' id='word_1_51' title='bbox 247 1535 282 1595; x_wconf 88' lang='lat' dir='ltr'><strong>et</strong></span> <span class='ocrx_word' id='word_1_52' title='bbox 308 1522 398 1620; x_wconf 84' lang='lat' dir='ltr'><strong>apud</strong></span> <span class='ocrx_word' id='word_1_53' title='bbox 423 1492 587 1619; x_wconf 87' lang='lat' dir='ltr'><strong>ejusmodi</strong></span> <span class='ocrx_word' id='word_1_54' title='bbox 621 1533 738 1620; x_wconf 81' lang='lat' dir='ltr'><strong>gentes</strong></span> <span class='ocrx_word' id='word_1_55' title='bbox 764 1520 891 1596; x_wconf 75' lang='lat' dir='ltr'><strong>similes</strong></span> <span class='ocrx_word' id='word_1_56' title='bbox 915 1546 1027 1598; x_wconf 88' lang='lat' dir='ltr'><strong>mores</strong></span> <span class='ocrx_word' id='word_1_57' title='bbox 1055 1522 1180 1621; x_wconf 85' lang='lat' dir='ltr'><strong>depre-</strong></span> 
     </span>
    </p>
   </div>
   <div class='ocr_carea' id='block_1_4' title="bbox 230 1657 1219 3684">
    <p class='ocr_par' dir='ltr' id='par_1_4' title="bbox 234 1657 1177 2730">
     <span class='ocr_line' id='line_1_10' title="bbox 243 1657 1176 1762; baseline 0.001 -29"><span class='ocrx_word' id='word_1_58' title='bbox 243 1662 430 1734; x_wconf 83' lang='lat' dir='ltr'><strong>hendemus</strong></span> <span class='ocrx_word' id='word_1_59' title='bbox 441 1711 452 1750; x_wconf 86' lang='lat'><strong><em>,</em></strong></span> <span class='ocrx_word' id='word_1_60' title='bbox 465 1660 508 1732; x_wconf 91' lang='lat' dir='ltr'><strong>de</strong></span> <span class='ocrx_word' id='word_1_61' title='bbox 525 1657 881 1762; x_wconf 83' lang='lat' dir='ltr'><strong>quihuscerteprobari</strong></span> <span class='ocrx_word' id='word_1_62' title='bbox 891 1660 1097 1736; x_wconf 83' lang='lat' dir='ltr'><strong>nullomodo</strong></span> <span class='ocrx_word' id='word_1_63' title='bbox 1107 1688 1176 1760; x_wconf 85' lang='lat' dir='ltr'><strong>po-</strong></span> 
     </span>
     <span class='ocr_line' id='line_1_11' title="bbox 242 1795 1176 1900; baseline 0.003 -28"><span class='ocrx_word' id='word_1_64' title='bbox 242 1813 326 1893; x_wconf 77' lang='lat' dir='ltr'><strong>test3</strong></span> <span class='ocrx_word' id='word_1_65' title='bbox 356 1803 413 1871; x_wconf 66' lang='lat' dir='ltr'><strong>&#39;ees</strong></span> <span class='ocrx_word' id='word_1_66' title='bbox 448 1813 524 1871; x_wconf 82' lang='lat' dir='ltr'><strong>ante</strong></span> <span class='ocrx_word' id='word_1_67' title='bbox 542 1795 752 1897; x_wconf 60' lang='lat' dir='ltr'><strong>,religionem</strong></span> <span class='ocrx_word' id='word_1_68' title='bbox 782 1798 1003 1874; x_wconf 77' lang='lat' dir='ltr'><strong>Christianam</strong></span> <span class='ocrx_word' id='word_1_69' title='bbox 1033 1800 1176 1900; x_wconf 85' lang='lat' dir='ltr'><strong>adopte-</strong></span> 
     </span>
     <span class='ocr_line' id='line_1_12' title="bbox 236 1933 1177 2039; baseline 0 -26"><span class='ocrx_word' id='word_1_70' title='bbox 236 1952 324 2028; x_wconf 84' lang='lat' dir='ltr'><strong>tam,</strong></span> <span class='ocrx_word' id='word_1_71' title='bbox 359 1940 579 2012; x_wconf 81' lang='lat' dir='ltr'><strong>Moseicarum</strong></span> <span class='ocrx_word' id='word_1_72' title='bbox 600 1933 716 2037; x_wconf 83' lang='lat' dir='ltr'><strong>legum</strong></span> <span class='ocrx_word' id='word_1_73' title='bbox 740 1938 1038 2039; x_wconf 84' lang='lat' dir='ltr'><strong>institutorumque</strong></span> <span class='ocrx_word' id='word_1_74' title='bbox 1062 1942 1177 2013; x_wconf 89' lang='lat' dir='ltr'><strong>orien-</strong></span> 
     </span>
     <span class='ocr_line' id='line_1_13' title="bbox 238 2073 1175 2168; baseline -0.002 -16"><span class='ocrx_word' id='word_1_75' title='bbox 238 2077 358 2152; x_wconf 82' lang='lat' dir='ltr'><strong>talium</strong></span> <span class='ocrx_word' id='word_1_76' title='bbox 394 2078 447 2152; x_wconf 86' lang='lat' dir='ltr'><strong>vol</strong></span> <span class='ocrx_word' id='word_1_77' title='bbox 476 2073 680 2156; x_wconf 83' lang='lat' dir='ltr'><strong>levissimam</strong></span> <span class='ocrx_word' id='word_1_78' title='bbox 721 2077 875 2149; x_wconf 83' lang='lat' dir='ltr'><strong>notitiem</strong></span> <span class='ocrx_word' id='word_1_79' title='bbox 914 2077 1094 2168; x_wconf 82' lang='lat' dir='ltr'><strong>hahuisse3</strong></span> <span class='ocrx_word' id='word_1_80' title='bbox 1137 2091 1175 2150; x_wconf 85' lang='lat' dir='ltr'><strong>ut</strong></span> 
     </span>
     <span class='ocr_line' id='line_1_14' title="bbox 237 2199 1173 2311; baseline 0 -23"><span class='ocrx_word' id='word_1_81' title='bbox 237 2216 376 2288; x_wconf 89' lang='lat' dir='ltr'><strong>omniuo</strong></span> <span class='ocrx_word' id='word_1_82' title='bbox 400 2215 507 2291; x_wconf 85' lang='lat' dir='ltr'><strong>multo</strong></span> <span class='ocrx_word' id='word_1_83' title='bbox 537 2215 644 2311; x_wconf 78' lang='lat' dir='ltr'><strong>magis</strong></span> <span class='ocrx_word' id='word_1_84' title='bbox 672 2199 770 2286; x_wconf 88' lang='lat' dir='ltr'><strong>nohis</strong></span> <span class='ocrx_word' id='word_1_85' title='bbox 797 2213 938 2289; x_wconf 83' lang='lat' dir='ltr'><strong>arrideat</strong></span> <span class='ocrx_word' id='word_1_86' title='bbox 956 2238 1173 2292; x_wconf 67' lang='lat' dir='ltr'><strong>messenum</strong></span> 
     </span>
     <span class='ocr_line' id='line_1_15' title="bbox 239 2349 1176 2450; baseline 0.001 -25"><span class='ocrx_word' id='word_1_87' title='bbox 239 2353 401 2425; x_wconf 85' lang='lat' dir='ltr'><strong>sententia</strong></span> <span class='ocrx_word' id='word_1_88' title='bbox 429 2350 530 2450; x_wconf 85' lang='lat'>(1),</span> <span class='ocrx_word' id='word_1_89' title='bbox 554 2354 693 2428; x_wconf 82' lang='lat' dir='ltr'><strong>naturali</strong></span> <span class='ocrx_word' id='word_1_90' title='bbox 711 2353 888 2427; x_wconf 90' lang='lat' dir='ltr'><strong>hominum</strong></span> <span class='ocrx_word' id='word_1_91' title='bbox 908 2349 1020 2426; x_wconf 87' lang='lat' dir='ltr'><strong>studio</strong></span> <span class='ocrx_word' id='word_1_92' title='bbox 1043 2353 1176 2430; x_wconf 49' lang='lat' dir='ltr'><strong>vindic*</strong></span> 
     </span>
     <span class='ocr_line' id='line_1_16' title="bbox 235 2493 1170 2592; baseline 0.007 -28"><span class='ocrx_word' id='word_1_93' title='bbox 235 2506 289 2564; x_wconf 81' lang='lat' dir='ltr'><strong>teo</strong></span> <span class='ocrx_word' id='word_1_94' title='bbox 324 2494 519 2591; x_wconf 83' lang='lat' dir='ltr'><strong>praesertim</strong></span> <span class='ocrx_word' id='word_1_95' title='bbox 555 2493 591 2566; x_wconf 93' lang='lat' dir='ltr'><strong>in</strong></span> <span class='ocrx_word' id='word_1_96' title='bbox 632 2495 745 2592; x_wconf 85' lang='lat' dir='ltr'><strong>primo</strong></span> <span class='ocrx_word' id='word_1_97' title='bbox 773 2496 863 2570; x_wconf 76' lang='lat' dir='ltr'><strong>vitae</strong></span> <span class='ocrx_word' id='word_1_98' title='bbox 894 2493 1002 2571; x_wconf 78' lang='lat' dir='ltr'><strong>stadio</strong></span> <span class='ocrx_word' id='word_1_99' title='bbox 1033 2521 1170 2571; x_wconf 86' lang='lat' dir='ltr'><strong>omnem</strong></span> 
     </span>
     <span class='ocr_line' id='line_1_17' title="bbox 234 2629 652 2730; baseline -0.002 -27"><span class='ocrx_word' id='word_1_100' title='bbox 234 2629 318 2703; x_wconf 87' lang='lat' dir='ltr'><strong>hanc</strong></span> <span class='ocrx_word' id='word_1_101' title='bbox 345 2656 417 2702; x_wconf 86' lang='lat' dir='ltr'><strong>rem</strong></span> <span class='ocrx_word' id='word_1_102' title='bbox 448 2631 652 2730; x_wconf 81' lang='lat' dir='ltr'><strong>explicantis.</strong></span> 
     </span>
    </p>

    <p class='ocr_par' dir='ltr' id='par_1_5' title="bbox 230 2769 1219 3567">
     <span class='ocr_line' id='line_1_18' title="bbox 286 2769 1169 2873; baseline 0.01 -35"><span class='ocrx_word' id='word_1_103' title='bbox 286 2769 331 2840; x_wconf 87' lang='lat' dir='ltr'><strong>Et</strong></span> <span class='ocrx_word' id='word_1_104' title='bbox 345 2792 423 2839; x_wconf 82' lang='lat' dir='ltr'><strong>sane</strong></span> <span class='ocrx_word' id='word_1_105' title='bbox 441 2769 522 2841; x_wconf 89' lang='lat' dir='ltr'><strong>licet</strong></span> <span class='ocrx_word' id='word_1_106' title='bbox 539 2769 760 2843; x_wconf 79' lang='lat' dir='ltr'><strong>concedemus</strong></span> <span class='ocrx_word' id='word_1_107' title='bbox 770 2771 999 2873; x_wconf 86' lang='lat' dir='ltr'><strong>philosophice</strong></span> <span class='ocrx_word' id='word_1_108' title='bbox 1020 2798 1169 2850; x_wconf 83' lang='lat' dir='ltr'><strong>nonnu-</strong></span> 
     </span>
     <span class='ocr_line' id='line_1_19' title="bbox 233 2907 1169 2987; baseline 0.01 -9"><span class='ocrx_word' id='word_1_109' title='bbox 233 2907 474 2980; x_wconf 78' lang='lat' dir='ltr'><strong>sntumrillml</strong></span> <span class='ocrx_word' id='word_1_110' title='bbox 491 2907 620 2982; x_wconf 87' lang='lat' dir='ltr'><strong>bellum</strong></span> <span class='ocrx_word' id='word_1_111' title='bbox 636 2912 784 2985; x_wconf 84' lang='lat' dir='ltr'><strong>naturale</strong></span> <span class='ocrx_word' id='word_1_112' title='bbox 800 2912 951 2986; x_wconf 91' lang='lat' dir='ltr'><strong>omnium</strong></span> <span class='ocrx_word' id='word_1_113' title='bbox 969 2929 1080 2987; x_wconf 84' lang='lat' dir='ltr'><strong>contre</strong></span> <span class='ocrx_word' id='word_1_114' title='bbox 1089 2940 1169 2987; x_wconf 84' lang='lat' dir='ltr'><strong>om·</strong></span> 
     </span>
     <span class='ocr_line' id='line_1_20' title="bbox 233 3049 1219 3151; baseline 0.008 -33"><span class='ocrx_word' id='word_1_115' title='bbox 233 3073 293 3119; x_wconf 82' lang='lat' dir='ltr'><strong>nes</strong></span> <span class='ocrx_word' id='word_1_116' title='bbox 316 3049 393 3120; x_wconf 88' lang='lat' dir='ltr'><strong>ferri</strong></span> <span class='ocrx_word' id='word_1_117' title='bbox 424 3073 492 3120; x_wconf 89' lang='lat' dir='ltr'><strong>non</strong></span> <span class='ocrx_word' id='word_1_118' title='bbox 516 3073 635 3147; x_wconf 84' lang='lat' dir='ltr'><strong>posse,</strong></span> <span class='ocrx_word' id='word_1_119' title='bbox 659 3052 754 3150; x_wconf 82' lang='lat' dir='ltr'><strong>quasi</strong></span> <span class='ocrx_word' id='word_1_120' title='bbox 774 3077 814 3124; x_wconf 82' lang='lat' dir='ltr'><strong>ex</strong></span> <span class='ocrx_word' id='word_1_121' title='bbox 842 3054 949 3151; x_wconf 89' lang='lat' dir='ltr'><strong>pactis</strong></span> <span class='ocrx_word' id='word_1_122' title='bbox 972 3052 1112 3126; x_wconf 91' lang='lat' dir='ltr'><strong>demum</strong></span> <span class='ocrx_word' id='word_1_123' title='bbox 1133 3066 1168 3125; x_wconf 91' lang='lat' dir='ltr'><strong>et</strong></span> <span class='ocrx_word' id='word_1_124' title='bbox 1216 3090 1219 3097; x_wconf 21' lang='grc' dir='ltr'><strong>Δ</strong></span> 
     </span>
     <span class='ocr_line' id='line_1_21' title="bbox 231 3186 1165 3286; baseline 0.004 -28"><span class='ocrx_word' id='word_1_125' title='bbox 231 3188 299 3258; x_wconf 87' lang='lat' dir='ltr'><strong>vita</strong></span> <span class='ocrx_word' id='word_1_126' title='bbox 308 3186 422 3276; x_wconf 85' lang='lat' dir='ltr'><strong>civili,</strong></span> <span class='ocrx_word' id='word_1_127' title='bbox 439 3213 540 3260; x_wconf 84' lang='lat' dir='ltr'><strong>omne</strong></span> <span class='ocrx_word' id='word_1_128' title='bbox 554 3191 608 3286; x_wconf 88' lang='lat' dir='ltr'><strong>jus</strong></span> <span class='ocrx_word' id='word_1_129' title='bbox 627 3187 849 3266; x_wconf 83' lang='lat' dir='ltr'><strong>derivandum</strong></span> <span class='ocrx_word' id='word_1_130' title='bbox 861 3203 971 3279; x_wconf 88' lang='lat' dir='ltr'><strong>esset,</strong></span> <span class='ocrx_word' id='word_1_131' title='bbox 989 3191 1017 3262; x_wconf 89' lang='lat' dir='ltr'><strong>si</strong></span> <span class='ocrx_word' id='word_1_132' title='bbox 1029 3189 1165 3263; x_wconf 64' lang='lat' dir='ltr'><strong>histori-</strong></span> 
     </span>
     <span class='ocr_line' id='line_1_22' title="bbox 230 3326 1167 3429; baseline 0.003 -34"><span class='ocrx_word' id='word_1_133' title='bbox 230 3336 405 3395; x_wconf 85' lang='lat' dir='ltr'><strong>amtamen</strong></span> <span class='ocrx_word' id='word_1_134' title='bbox 419 3326 644 3415; x_wconf 91' lang='lat' dir='ltr'><strong>consulimus,</strong></span> <span class='ocrx_word' id='word_1_135' title='bbox 659 3329 743 3427; x_wconf 91' lang='lat' dir='ltr'><strong>quin</strong></span> <span class='ocrx_word' id='word_1_136' title='bbox 755 3355 818 3427; x_wconf 91' lang='lat' dir='ltr'><strong>pro</strong></span> <span class='ocrx_word' id='word_1_137' title='bbox 827 3329 883 3402; x_wconf 87' lang='lat' dir='ltr'><strong>illu</strong></span> <span class='ocrx_word' id='word_1_138' title='bbox 898 3329 1044 3402; x_wconf 83' lang='lat' dir='ltr'><strong>doctrine</strong></span> <span class='ocrx_word' id='word_1_139' title='bbox 1054 3328 1167 3429; x_wconf 81' lang='lat' dir='ltr'><strong>gravia</strong></span> 
     </span>
     <span class='ocr_line' id='line_1_23' title="bbox 231 3463 1167 3567; baseline 0.002 -34"><span class='ocrx_word' id='word_1_140' title='bbox 231 3474 266 3533; x_wconf 86' lang='lat' dir='ltr'><strong>et</strong></span> <span class='ocrx_word' id='word_1_141' title='bbox 292 3463 361 3532; x_wconf 88' lang='lat' dir='ltr'><strong>lere</strong></span> <span class='ocrx_word' id='word_1_142' title='bbox 385 3463 481 3534; x_wconf 92' lang='lat' dir='ltr'><strong>omni</strong></span> <span class='ocrx_word' id='word_1_143' title='bbox 504 3465 701 3536; x_wconf 82' lang='lat' dir='ltr'><strong>refutatione</strong></span> <span class='ocrx_word' id='word_1_144' title='bbox 719 3471 844 3563; x_wconf 85' lang='lat' dir='ltr'><strong>majora</strong></span> <span class='ocrx_word' id='word_1_145' title='bbox 863 3480 1058 3567; x_wconf 75' lang='lat' dir='ltr'><strong>argumenta</strong></span> <span class='ocrx_word' id='word_1_146' title='bbox 1082 3490 1167 3564; x_wconf 84' lang='lat' dir='ltr'><strong>pos-</strong></span> 
     </span>
    </p>

    <p class='ocr_par' dir='ltr' id='par_1_6' title="bbox 1102 3603 1167 3684">
     <span class='ocr_line' id='line_1_24' title="bbox 1102 3603 1167 3684; baseline -0.077 -1"><span class='ocrx_word' id='word_1_147' title='bbox 1102 3603 1167 3684; x_wconf 81' lang='lat' dir='ltr'><strong>siut</strong></span> 
     </span>
    </p>
   </div>
   <div class='ocr_carea' id='block_1_5' title="bbox 265 3789 797 3866">
    <p class='ocr_par' dir='ltr' id='par_1_7' title="bbox 265 3789 797 3866">
     <span class='ocr_line' id='line_1_25' title="bbox 265 3789 797 3866; baseline 0.006 -22"><span class='ocrx_word' id='word_1_148' title='bbox 265 3789 319 3863; x_wconf 77' lang='grc' dir='ltr'><strong>(ι)</strong></span> <span class='ocrx_word' id='word_1_149' title='bbox 339 3790 384 3851; x_wconf 74' lang='lat' dir='ltr'><strong>Juo</strong></span> <span class='ocrx_word' id='word_1_150' title='bbox 406 3790 550 3847; x_wconf 69' lang='lat' dir='ltr'><strong>Moericum</strong></span> <span class='ocrx_word' id='word_1_151' title='bbox 573 3792 606 3848; x_wconf 87' lang='lat' dir='ltr'><strong>V.</strong></span> <span class='ocrx_word' id='word_1_152' title='bbox 629 3791 666 3850; x_wconf 88' lang='lat' dir='ltr'><strong>ll.</strong></span> <span class='ocrx_word' id='word_1_153' title='bbox 689 3795 716 3866; x_wconf 61' lang='lat' dir='ltr'><strong>p.</strong></span> <span class='ocrx_word' id='word_1_154' title='bbox 739 3793 797 3847; x_wconf 75' lang='lat'><strong>152.</strong></span> 
     </span>
    </p>
   </div>
   <div class='ocr_carea' id='block_1_6' title="bbox 744 3885 889 3966">
    <p class='ocr_par' dir='ltr' id='par_1_8' title="bbox 744 3885 889 3966">
     <span class='ocr_line' id='line_1_26' title="bbox 744 3885 889 3966; baseline 0 -66"><span class='ocrx_word' id='word_1_155' title='bbox 744 3885 778 3966; x_wconf 68' lang='lat' dir='ltr'><strong>D</strong></span> <span class='ocrx_word' id='word_1_156' title='bbox 888 3897 889 3900; x_wconf 11' lang='grc' dir='ltr'>ψ</span> 
     </span>
    </p>
   </div>
   <div class='ocr_carea' id='block_1_7' title="bbox 0 0 1418 4964">
    <p class='ocr_par' dir='ltr' id='par_1_9' title="bbox 0 0 1418 4964">
     <span class='ocr_line' id='line_1_27' title="bbox 0 0 1418 4964; baseline 0 1"><span class='ocrx_word' id='word_1_157' title='bbox 0 0 1418 4964; x_wconf 95' lang='lat' dir='ltr'><strong> </strong></span> 
     </span>
    </p>
   </div>
  </div>
 </body>
</html>
