<?xml version="1.0" encoding="UTF-8"?>
<!DOCTYPE html PUBLIC "-//W3C//DTD XHTML 1.0 Transitional//EN"
    "http://www.w3.org/TR/xhtml1/DTD/xhtml1-transitional.dtd">
<html xmlns="http://www.w3.org/1999/xhtml" xml:lang="en" lang="en">
 <head>
  <title>
</title>
<meta http-equiv="Content-Type" content="text/html;charset=utf-8" />
  <meta name='ocr-system' content='tesseract 3.04.00' />
  <meta name='ocr-capabilities' content='ocr_page ocr_carea ocr_par ocr_line ocrx_word'/>
</head>
<body>
  <div class='ocr_page' id='page_1' title='image "./specimenjuridic00unkngoog_0095.png"; bbox 0 0 2828 4964; ppageno 0'>
   <div class='ocr_carea' id='block_1_1' title="bbox 232 335 960 449">
    <p class='ocr_par' dir='ltr' id='par_1_1' title="bbox 232 335 960 449">
     <span class='ocr_line' id='line_1_1' title="bbox 232 335 960 449; baseline -0.012 -28"><span class='ocrx_word' id='word_1_1' title='bbox 232 349 277 449; x_wconf 64' lang='lat'><strong>74</strong></span> <span class='ocrx_word' id='word_1_2' title='bbox 442 338 673 417; x_wconf 72' lang='lat' dir='ltr'><strong>sesemen</strong></span> <span class='ocrx_word' id='word_1_3' title='bbox 696 335 960 414; x_wconf 83' lang='lat' dir='ltr'><strong>smmreuu</strong></span> 
     </span>
    </p>
   </div>
   <div class='ocr_carea' id='block_1_2' title="bbox 116 538 1219 2855">
    <p class='ocr_par' dir='ltr' id='par_1_2' title="bbox 233 538 1219 1610">
     <span class='ocr_line' id='line_1_2' title="bbox 233 538 1189 648; baseline -0.003 -29"><span class='ocrx_word' id='word_1_4' title='bbox 233 543 436 648; x_wconf 72' lang='lat' dir='ltr'><strong>pudicitiam</strong></span> <span class='ocrx_word' id='word_1_5' title='bbox 454 546 664 631; x_wconf 87' lang='lat' dir='ltr'><strong>referuntur,</strong></span> <span class='ocrx_word' id='word_1_6' title='bbox 698 538 913 612; x_wconf 80' lang='lat' dir='ltr'><strong>manifestum</strong></span> <span class='ocrx_word' id='word_1_7' title='bbox 941 550 1014 629; x_wconf 90' lang='lat' dir='ltr'><strong>est,</strong></span> <span class='ocrx_word' id='word_1_8' title='bbox 1046 565 1110 612; x_wconf 90' lang='lat' dir='ltr'><strong>non</strong></span> <span class='ocrx_word' id='word_1_9' title='bbox 1138 541 1189 616; x_wconf 84' lang='lat' dir='ltr'><strong>de</strong></span> 
     </span>
     <span class='ocr_line' id='line_1_3' title="bbox 235 677 1188 786; baseline -0.002 -30"><span class='ocrx_word' id='word_1_10' title='bbox 235 685 371 786; x_wconf 85' lang='lat' dir='ltr'><strong>publica</strong></span> <span class='ocrx_word' id='word_1_11' title='bbox 405 683 490 756; x_wconf 87' lang='lat' dir='ltr'><strong>adeo</strong></span> <span class='ocrx_word' id='word_1_12' title='bbox 515 706 618 781; x_wconf 88' lang='lat' dir='ltr'><strong>quam</strong></span> <span class='ocrx_word' id='word_1_13' title='bbox 648 678 690 751; x_wconf 90' lang='lat' dir='ltr'><strong>de</strong></span> <span class='ocrx_word' id='word_1_14' title='bbox 718 677 848 775; x_wconf 82' lang='lat' dir='ltr'><strong>privata</strong></span> <span class='ocrx_word' id='word_1_15' title='bbox 878 677 1028 752; x_wconf 85' lang='lat' dir='ltr'><strong>vindicta</strong></span> <span class='ocrx_word' id='word_1_16' title='bbox 1058 681 1188 754; x_wconf 83' lang='lat' dir='ltr'><strong>solliei-</strong></span> 
     </span>
     <span class='ocr_line' id='line_1_4' title="bbox 240 813 1189 923; baseline -0.005 -26"><span class='ocrx_word' id='word_1_17' title='bbox 240 839 293 923; x_wconf 84' lang='lat' dir='ltr'><strong>tos</strong></span> <span class='ocrx_word' id='word_1_18' title='bbox 316 822 401 919; x_wconf 82' lang='lat' dir='ltr'><strong>legis</strong></span> <span class='ocrx_word' id='word_1_19' title='bbox 424 834 574 892; x_wconf 75' lang='lat' dir='ltr'><strong>auctores</strong></span> <span class='ocrx_word' id='word_1_20' title='bbox 600 817 713 891; x_wconf 82' lang='lat' dir='ltr'><strong>fuisse.</strong></span> <span class='ocrx_word' id='word_1_21' title='bbox 752 813 887 888; x_wconf 77' lang='lat' dir='ltr'><strong>Praeter</strong></span> <span class='ocrx_word' id='word_1_22' title='bbox 904 841 944 888; x_wconf 90' lang='lat' dir='ltr'><strong>ea</strong></span> <span class='ocrx_word' id='word_1_23' title='bbox 966 818 1189 918; x_wconf 65' lang='lat' dir='ltr'><strong>enim,&#39;quae</strong></span> 
     </span>
     <span class='ocr_line' id='line_1_5' title="bbox 244 952 1190 1056; baseline -0.003 -24"><span class='ocrx_word' id='word_1_24' title='bbox 244 987 285 1034; x_wconf 84' lang='lat' dir='ltr'><strong>cx</strong></span> <span class='ocrx_word' id='word_1_25' title='bbox 321 959 385 1032; x_wconf 87' lang='lat' dir='ltr'><strong>hoc</strong></span> <span class='ocrx_word' id='word_1_26' title='bbox 416 983 539 1056; x_wconf 79' lang='lat' dir='ltr'><strong>genere</strong></span> <span class='ocrx_word' id='word_1_27' title='bbox 573 956 722 1055; x_wconf 79' lang='lat' dir='ltr'><strong>aliquam</strong></span> <span class='ocrx_word' id='word_1_28' title='bbox 745 952 933 1028; x_wconf 88' lang='lat' dir='ltr'><strong>vindictam</strong></span> <span class='ocrx_word' id='word_1_29' title='bbox 959 969 994 1029; x_wconf 87' lang='lat' dir='ltr'><strong>et</strong></span> <span class='ocrx_word' id='word_1_30' title='bbox 1026 959 1190 1032; x_wconf 87' lang='lat' dir='ltr'><strong>mulctam</strong></span> 
     </span>
     <span class='ocr_line' id='line_1_6' title="bbox 241 1093 1190 1198; baseline 0 -29"><span class='ocrx_word' id='word_1_31' title='bbox 241 1099 409 1198; x_wconf 87' lang='lat' dir='ltr'><strong>privatam</strong></span> <span class='ocrx_word' id='word_1_32' title='bbox 445 1094 647 1182; x_wconf 78' lang='lat' dir='ltr'><strong>admittant,</strong></span> <span class='ocrx_word' id='word_1_33' title='bbox 685 1093 877 1167; x_wconf 88' lang='lat' dir='ltr'><strong>invenimus</strong></span> <span class='ocrx_word' id='word_1_34' title='bbox 910 1094 1023 1185; x_wconf 88' lang='lat' dir='ltr'><strong>nulla,</strong></span> <span class='ocrx_word' id='word_1_35' title='bbox 1062 1109 1103 1169; x_wconf 93' lang='lat' dir='ltr'><strong>ut</strong></span> <span class='ocrx_word' id='word_1_36' title='bbox 1133 1097 1190 1172; x_wconf 86' lang='lat' dir='ltr'><strong>vel</strong></span> 
     </span>
     <span class='ocr_line' id='line_1_7' title="bbox 242 1222 1219 1332; baseline -0.004 -23"><span class='ocrx_word' id='word_1_37' title='bbox 242 1238 390 1309; x_wconf 88' lang='lat' dir='ltr'><strong>incestus</strong></span> <span class='ocrx_word' id='word_1_38' title='bbox 412 1233 523 1306; x_wconf 87' lang='lat' dir='ltr'><strong>nullae</strong></span> <span class='ocrx_word' id='word_1_39' title='bbox 541 1231 606 1304; x_wconf 91' lang='lat' dir='ltr'><strong>nisi</strong></span> <span class='ocrx_word' id='word_1_40' title='bbox 622 1230 738 1305; x_wconf 86' lang='lat' dir='ltr'><strong>civiles</strong></span> <span class='ocrx_word' id='word_1_41' title='bbox 751 1254 882 1329; x_wconf 89' lang='lat' dir='ltr'><strong>poenae</strong></span> <span class='ocrx_word' id='word_1_42' title='bbox 906 1235 1113 1332; x_wconf 83' lang='lat' dir='ltr'><strong>ooeunant(</strong></span> <span class='ocrx_word' id='word_1_43' title='bbox 1157 1229 1188 1332; x_wconf 87' lang='lat'><strong>).</strong></span> <span class='ocrx_word' id='word_1_44' title='bbox 1218 1222 1219 1226; x_wconf 25' lang='lat'>¹</span> 
     </span>
     <span class='ocr_line' id='line_1_8' title="bbox 295 1365 1193 1471; baseline 0 -25"><span class='ocrx_word' id='word_1_45' title='bbox 295 1371 450 1446; x_wconf 87' lang='lat' dir='ltr'><strong>Tandem</strong></span> <span class='ocrx_word' id='word_1_46' title='bbox 477 1396 557 1467; x_wconf 77' lang='lat' dir='ltr'><strong>vero</strong></span> <span class='ocrx_word' id='word_1_47' title='bbox 582 1393 693 1471; x_wconf 88' lang='lat' dir='ltr'><strong>neque</strong></span> <span class='ocrx_word' id='word_1_48' title='bbox 726 1365 792 1442; x_wconf 90' lang='lat' dir='ltr'><strong>hoe</strong></span> <span class='ocrx_word' id='word_1_49' title='bbox 814 1369 949 1444; x_wconf 88' lang='lat' dir='ltr'><strong>silentio</strong></span> <span class='ocrx_word' id='word_1_50' title='bbox 973 1374 1193 1471; x_wconf 81' lang='lat' dir='ltr'><strong>praetermit-</strong></span> 
     </span>
     <span class='ocr_line' id='line_1_9' title="bbox 243 1505 1190 1610; baseline -0.003 -23"><span class='ocrx_word' id='word_1_51' title='bbox 243 1509 406 1598; x_wconf 89' lang='lat' dir='ltr'><strong>tendum,</strong></span> <span class='ocrx_word' id='word_1_52' title='bbox 439 1534 518 1582; x_wconf 89' lang='lat' dir='ltr'><strong>eum</strong></span> <span class='ocrx_word' id='word_1_53' title='bbox 545 1505 694 1581; x_wconf 90' lang='lat' dir='ltr'><strong>indolem</strong></span> <span class='ocrx_word' id='word_1_54' title='bbox 722 1505 833 1606; x_wconf 83' lang='lat' dir='ltr'><strong>gentis</strong></span> <span class='ocrx_word' id='word_1_55' title='bbox 863 1508 1010 1584; x_wconf 83' lang='lat' dir='ltr'><strong>maxime</strong></span> <span class='ocrx_word' id='word_1_56' title='bbox 1044 1524 1190 1610; x_wconf 87' lang='lat' dir='ltr'><strong>spectet,</strong></span> 
     </span>
    </p>

    <p class='ocr_par' dir='ltr' id='par_1_3' title="bbox 116 1616 1193 2855">
     <span class='ocr_line' id='line_1_10' title="bbox 116 1616 1193 1755; baseline 0.001 -34"><span class='ocrx_word' id='word_1_57' title='bbox 116 1616 119 1621; x_wconf 93' lang='lat'>.</span> <span class='ocrx_word' id='word_1_58' title='bbox 244 1651 280 1755; x_wconf 79' lang='lat' dir='ltr'><strong>in</strong></span> <span class='ocrx_word' id='word_1_59' title='bbox 297 1650 415 1747; x_wconf 85' lang='lat' dir='ltr'><strong>paucis</strong></span> <span class='ocrx_word' id='word_1_60' title='bbox 432 1647 532 1721; x_wconf 87' lang='lat' dir='ltr'><strong>rebus</strong></span> <span class='ocrx_word' id='word_1_61' title='bbox 555 1648 716 1743; x_wconf 87' lang='lat' dir='ltr'><strong>majorem</strong></span> <span class='ocrx_word' id='word_1_62' title='bbox 733 1644 944 1745; x_wconf 76' lang='lat' dir='ltr'><strong>diligentiam</strong></span> <span class='ocrx_word' id='word_1_63' title='bbox 959 1647 1193 1748; x_wconf 83' lang='lat' dir='ltr'><strong>legislatorem</strong></span> 
     </span>
     <span class='ocr_line' id='line_1_11' title="bbox 242 1783 1193 1885; baseline 0.004 -29"><span class='ocrx_word' id='word_1_64' title='bbox 242 1786 412 1885; x_wconf 87' lang='lat' dir='ltr'><strong>posuisse,</strong></span> <span class='ocrx_word' id='word_1_65' title='bbox 439 1809 542 1884; x_wconf 90' lang='lat' dir='ltr'><strong>qnam</strong></span> <span class='ocrx_word' id='word_1_66' title='bbox 568 1784 695 1881; x_wconf 87' lang='lat' dir='ltr'><strong>injure</strong></span> <span class='ocrx_word' id='word_1_67' title='bbox 719 1783 951 1860; x_wconf 72' lang='lat' dir='ltr'><strong>constituendo</strong></span> <span class='ocrx_word' id='word_1_68' title='bbox 973 1800 1088 1860; x_wconf 85' lang='lat' dir='ltr'><strong>eontra</strong></span> <span class='ocrx_word' id='word_1_69' title='bbox 1111 1813 1193 1878; x_wconf 88' lang='lat' dir='ltr'><strong>eos,</strong></span> 
     </span>
     <span class='ocr_line' id='line_1_12' title="bbox 244 1919 1190 2025; baseline 0.004 -31"><span class='ocrx_word' id='word_1_70' title='bbox 244 1924 303 2025; x_wconf 82' lang='lat' dir='ltr'><strong>qui</strong></span> <span class='ocrx_word' id='word_1_71' title='bbox 330 1935 388 1996; x_wconf 87' lang='lat' dir='ltr'><strong>aut</strong></span> <span class='ocrx_word' id='word_1_72' title='bbox 412 1946 448 1995; x_wconf 88' lang='lat' dir='ltr'><strong>re</strong></span> <span class='ocrx_word' id='word_1_73' title='bbox 475 1934 532 1994; x_wconf 89' lang='lat' dir='ltr'><strong>aot</strong></span> <span class='ocrx_word' id='word_1_74' title='bbox 565 1919 677 1995; x_wconf 79' lang='lat' dir='ltr'><strong>verbis</strong></span> <span class='ocrx_word' id='word_1_75' title='bbox 705 1922 861 2020; x_wconf 82' lang='lat' dir='ltr'><strong>injuriam</strong></span> <span class='ocrx_word' id='word_1_76' title='bbox 886 1921 1052 1997; x_wconf 80' lang='lat' dir='ltr'><strong>fecissent.</strong></span> <span class='ocrx_word' id='word_1_77' title='bbox 1106 1927 1190 2001; x_wconf 85' lang='lat' dir='ltr'><strong>No·</strong></span> 
     </span>
     <span class='ocr_line' id='line_1_13' title="bbox 242 2059 1192 2158; baseline -0.005 -19"><span class='ocrx_word' id='word_1_78' title='bbox 242 2075 337 2139; x_wconf 84' lang='lat' dir='ltr'><strong>rerat</strong></span> <span class='ocrx_word' id='word_1_79' title='bbox 377 2061 469 2135; x_wconf 89' lang='lat' dir='ltr'><strong>enim</strong></span> <span class='ocrx_word' id='word_1_80' title='bbox 502 2059 672 2158; x_wconf 84' lang='lat' dir='ltr'><strong>legislator</strong></span> <span class='ocrx_word' id='word_1_81' title='bbox 705 2061 847 2134; x_wconf 87' lang='lat' dir='ltr'><strong>alacrem</strong></span> <span class='ocrx_word' id='word_1_82' title='bbox 876 2060 1017 2134; x_wconf 85' lang='lat' dir='ltr'><strong>nationis</strong></span> <span class='ocrx_word' id='word_1_83' title='bbox 1047 2061 1085 2134; x_wconf 91' lang='lat' dir='ltr'><strong>in</strong></span> <span class='ocrx_word' id='word_1_84' title='bbox 1118 2061 1192 2143; x_wconf 58' lang='lat' dir='ltr'><strong>ho,</strong></span> 
     </span>
     <span class='ocr_line' id='line_1_14' title="bbox 241 2197 1190 2298; baseline -0.002 -22"><span class='ocrx_word' id='word_1_85' title='bbox 241 2226 324 2276; x_wconf 87' lang='lat' dir='ltr'><strong>nore</strong></span> <span class='ocrx_word' id='word_1_86' title='bbox 374 2197 578 2276; x_wconf 73' lang='lat' dir='ltr'><strong>vindicando</strong></span> <span class='ocrx_word' id='word_1_87' title='bbox 631 2200 804 2290; x_wconf 84' lang='lat' dir='ltr'><strong>animum,</strong></span> <span class='ocrx_word' id='word_1_88' title='bbox 851 2209 886 2271; x_wconf 86' lang='lat' dir='ltr'><strong>et</strong></span> <span class='ocrx_word' id='word_1_89' title='bbox 931 2197 1102 2298; x_wconf 86' lang='lat' dir='ltr'><strong>imprimis</strong></span> <span class='ocrx_word' id='word_1_90' title='bbox 1144 2201 1190 2273; x_wconf 83' lang='lat' dir='ltr'><strong>ab</strong></span> 
     </span>
     <span class='ocr_line' id='line_1_15' title="bbox 243 2335 1188 2416; baseline 0 -2"><span class='ocrx_word' id='word_1_91' title='bbox 243 2354 370 2415; x_wconf 86' lang='lat' dir='ltr'><strong>armata</strong></span> <span class='ocrx_word' id='word_1_92' title='bbox 400 2336 546 2416; x_wconf 87' lang='lat' dir='ltr'><strong>vindicta</strong></span> <span class='ocrx_word' id='word_1_93' title='bbox 574 2335 710 2412; x_wconf 84' lang='lat' dir='ltr'><strong>volebat</strong></span> <span class='ocrx_word' id='word_1_94' title='bbox 738 2335 894 2411; x_wconf 92' lang='lat' dir='ltr'><strong>homines</strong></span> <span class='ocrx_word' id='word_1_95' title='bbox 918 2336 1097 2413; x_wconf 78' lang='lat' dir='ltr'><strong>bellicosos</strong></span> <span class='ocrx_word' id='word_1_96' title='bbox 1125 2339 1188 2414; x_wconf 89' lang='lat' dir='ltr'><strong>de·</strong></span> 
     </span>
     <span class='ocr_line' id='line_1_16' title="bbox 243 2473 1184 2575; baseline 0.001 -23"><span class='ocrx_word' id='word_1_97' title='bbox 243 2481 400 2568; x_wconf 74' lang='lat' dir='ltr'><strong>flecter03</strong></span> <span class='ocrx_word' id='word_1_98' title='bbox 433 2475 512 2550; x_wconf 83' lang='lat' dir='ltr'><strong>huic</strong></span> <span class='ocrx_word' id='word_1_99' title='bbox 537 2473 733 2575; x_wconf 88' lang='lat' dir='ltr'><strong>praesertim</strong></span> <span class='ocrx_word' id='word_1_100' title='bbox 755 2501 874 2550; x_wconf 87' lang='lat' dir='ltr'><strong>causae</strong></span> <span class='ocrx_word' id='word_1_101' title='bbox 893 2474 1107 2550; x_wconf 81' lang='lat' dir='ltr'><strong>tribuendum</strong></span> <span class='ocrx_word' id='word_1_102' title='bbox 1127 2479 1184 2553; x_wconf 81' lang='lat' dir='ltr'><strong>vi-</strong></span> 
     </span>
     <span class='ocr_line' id='line_1_17' title="bbox 246 2613 1188 2715; baseline 0 -27"><span class='ocrx_word' id='word_1_103' title='bbox 246 2614 366 2705; x_wconf 85' lang='lat' dir='ltr'><strong>detur,</strong></span> <span class='ocrx_word' id='word_1_104' title='bbox 408 2613 502 2715; x_wconf 86' lang='lat' dir='ltr'><strong>qnod</strong></span> <span class='ocrx_word' id='word_1_105' title='bbox 532 2639 602 2689; x_wconf 88' lang='lat' dir='ltr'><strong>non</strong></span> <span class='ocrx_word' id='word_1_106' title='bbox 627 2627 760 2710; x_wconf 82' lang='lat' dir='ltr'><strong>tantum</strong></span> <span class='ocrx_word' id='word_1_107' title='bbox 785 2615 821 2687; x_wconf 91' lang='lat' dir='ltr'><strong>in</strong></span> <span class='ocrx_word' id='word_1_108' title='bbox 852 2613 1000 2691; x_wconf 80' lang='lat' dir='ltr'><strong>verbales</strong></span> <span class='ocrx_word' id='word_1_109' title='bbox 1028 2613 1188 2714; x_wconf 81' lang='lat' dir='ltr'><strong>injurias,</strong></span> 
     </span>
     <span class='ocr_line' id='line_1_18' title="bbox 242 2753 1187 2855; baseline 0.002 -30"><span class='ocrx_word' id='word_1_110' title='bbox 242 2779 305 2855; x_wconf 87' lang='lat' dir='ltr'><strong>pro</strong></span> <span class='ocrx_word' id='word_1_111' title='bbox 321 2753 533 2853; x_wconf 82' lang='lat' dir='ltr'><strong>singulorum</strong></span> <span class='ocrx_word' id='word_1_112' title='bbox 548 2753 777 2829; x_wconf 87' lang='lat' dir='ltr'><strong>conviciorum</strong></span> <span class='ocrx_word' id='word_1_113' title='bbox 799 2753 987 2854; x_wconf 82' lang='lat' dir='ltr'><strong>gravitate,</strong></span> <span class='ocrx_word' id='word_1_114' title='bbox 1006 2779 1095 2853; x_wconf 86' lang='lat' dir='ltr'><strong>quae</strong></span> <span class='ocrx_word' id='word_1_115' title='bbox 1115 2755 1187 2828; x_wconf 82' lang='lat' dir='ltr'><strong>sin-</strong></span> 
     </span>
    </p>
   </div>
   <div class='ocr_carea' id='block_1_3' title="bbox 242 2889 1188 3105">
    <p class='ocr_par' dir='ltr' id='par_1_4' title="bbox 242 2889 1188 3105">
     <span class='ocr_line' id='line_1_19' title="bbox 242 2889 1186 2992; baseline 0.004 -30"><span class='ocrx_word' id='word_1_116' title='bbox 242 2891 384 2991; x_wconf 82' lang='lat' dir='ltr'><strong>gulatim</strong></span> <span class='ocrx_word' id='word_1_117' title='bbox 423 2902 602 2963; x_wconf 83' lang='lat' dir='ltr'><strong>tractantur</strong></span> <span class='ocrx_word' id='word_1_118' title='bbox 624 2889 732 2989; x_wconf 87' lang='lat'><strong>(2),</strong></span> <span class='ocrx_word' id='word_1_119' title='bbox 766 2889 914 2967; x_wconf 87' lang='lat' dir='ltr'><strong>diversas</strong></span> <span class='ocrx_word' id='word_1_120' title='bbox 948 2917 1098 2992; x_wconf 81' lang='lat' dir='ltr'><strong>poenas,</strong></span> <span class='ocrx_word' id='word_1_121' title='bbox 1133 2919 1186 2966; x_wconf 88' lang='lat' dir='ltr'><strong>sa-</strong></span> 
     </span>
     <span class='ocr_line' id='line_1_20' title="bbox 954 3035 1188 3105; baseline 0 -1"><span class='ocrx_word' id='word_1_122' title='bbox 954 3040 957 3042; x_wconf 73' lang='grc'><strong>’</strong></span> <span class='ocrx_word' id='word_1_123' title='bbox 1144 3035 1188 3105; x_wconf 85' lang='lat' dir='ltr'><strong>tis</strong></span> 
     </span>
    </p>
   </div>
   <div class='ocr_carea' id='block_1_4' title="bbox 283 3217 1187 3292">
    <p class='ocr_par' dir='ltr' id='par_1_5' title="bbox 283 3217 1187 3292">
     <span class='ocr_line' id='line_1_21' title="bbox 283 3217 1187 3292; baseline 0.001 -19"><span class='ocrx_word' id='word_1_124' title='bbox 283 3220 336 3292; x_wconf 85' lang='grc' dir='ltr'><strong>(ι)</strong></span> <span class='ocrx_word' id='word_1_125' title='bbox 359 3220 423 3273; x_wconf 75' lang='lat' dir='ltr'><strong>rid.</strong></span> <span class='ocrx_word' id='word_1_126' title='bbox 443 3217 488 3270; x_wconf 79' lang='lat' dir='ltr'><strong>lex</strong></span> <span class='ocrx_word' id='word_1_127' title='bbox 515 3219 609 3272; x_wconf 61' lang='lat' dir='ltr'><strong>aalma</strong></span> <span class='ocrx_word' id='word_1_128' title='bbox 632 3220 690 3275; x_wconf 72' lang='lat' dir='ltr'><strong>Tit.</strong></span> <span class='ocrx_word' id='word_1_129' title='bbox 711 3219 751 3273; x_wconf 75' lang='lat'><strong>15.</strong></span> <span class='ocrx_word' id='word_1_130' title='bbox 772 3235 789 3274; x_wconf 64' lang='grc' dir='ltr'>α</span> <span class='ocrx_word' id='word_1_131' title='bbox 810 3229 838 3273; x_wconf 79' lang='lat' dir='ltr'><strong>et</strong></span> <span class='ocrx_word' id='word_1_132' title='bbox 860 3221 885 3278; x_wconf 75' lang='grc'><strong>5.</strong></span> <span class='ocrx_word' id='word_1_133' title='bbox 907 3221 963 3281; x_wconf 70' lang='lat' dir='ltr'><strong>rit.</strong></span> <span class='ocrx_word' id='word_1_134' title='bbox 981 3223 1021 3276; x_wconf 65' lang='grc' dir='ltr'><strong>τέ.</strong></span> <span class='ocrx_word' id='word_1_135' title='bbox 1055 3226 1085 3276; x_wconf 79' lang='grc'><strong>0.</strong></span> <span class='ocrx_word' id='word_1_136' title='bbox 1111 3238 1141 3277; x_wconf 87' lang='lat' dir='ltr'><strong>ro</strong></span> <span class='ocrx_word' id='word_1_137' title='bbox 1159 3234 1187 3276; x_wconf 76' lang='lat' dir='ltr'><strong>et</strong></span> 
     </span>
    </p>
   </div>
   <div class='ocr_carea' id='block_1_5' title="bbox 152 3308 881 3371">
    <p class='ocr_par' dir='ltr' id='par_1_6' title="bbox 152 3308 881 3371">
     <span class='ocr_line' id='line_1_22' title="bbox 152 3308 881 3371; baseline 0.012 -10"><span class='ocrx_word' id='word_1_138' title='bbox 152 3312 155 3320; x_wconf 95' lang='grc'><strong>’</strong></span> <span class='ocrx_word' id='word_1_139' title='bbox 245 3308 276 3362; x_wconf 78' lang='lat'><strong>13</strong></span> <span class='ocrx_word' id='word_1_140' title='bbox 297 3318 324 3361; x_wconf 79' lang='lat' dir='ltr'><strong>et</strong></span> <span class='ocrx_word' id='word_1_141' title='bbox 349 3309 405 3361; x_wconf 76' lang='lat' dir='ltr'><strong>Tit.</strong></span> <span class='ocrx_word' id='word_1_142' title='bbox 425 3309 465 3362; x_wconf 82' lang='lat'><strong>15.</strong></span> <span class='ocrx_word' id='word_1_143' title='bbox 488 3312 517 3368; x_wconf 84' lang='grc'><strong>0.</strong></span> <span class='ocrx_word' id='word_1_144' title='bbox 537 3322 608 3365; x_wconf 68' lang='lat' dir='ltr'><strong>net</strong></span> <span class='ocrx_word' id='word_1_145' title='bbox 630 3323 754 3366; x_wconf 66' lang='lat' dir='ltr'><strong>wisunt</strong></span> <span class='ocrx_word' id='word_1_146' title='bbox 775 3317 799 3371; x_wconf 74' lang='lat' dir='ltr'><strong>t·</strong></span> <span class='ocrx_word' id='word_1_147' title='bbox 822 3313 881 3370; x_wconf 72' lang='lat'><strong>154.</strong></span> 
     </span>
    </p>
   </div>
   <div class='ocr_carea' id='block_1_6' title="bbox 239 3397 1188 3650">
    <p class='ocr_par' dir='ltr' id='par_1_7' title="bbox 239 3397 1188 3650">
     <span class='ocr_line' id='line_1_23' title="bbox 284 3397 1188 3479; baseline 0.007 -26"><span class='ocrx_word' id='word_1_148' title='bbox 284 3397 432 3472; x_wconf 72' lang='lat' dir='ltr'><strong>(alvelnti</strong></span> <span class='ocrx_word' id='word_1_149' title='bbox 441 3398 464 3451; x_wconf 83' lang='lat' dir='ltr'><strong>si</strong></span> <span class='ocrx_word' id='word_1_150' title='bbox 479 3401 659 3471; x_wconf 77' lang='lat' dir='ltr'><strong>quisaliqmm</strong></span> <span class='ocrx_word' id='word_1_151' title='bbox 669 3402 804 3473; x_wconf 81' lang='lat' dir='ltr'><strong>(aliquem)</strong></span> <span class='ocrx_word' id='word_1_152' title='bbox 812 3403 959 3459; x_wconf 70' lang='lat' dir='ltr'><strong>tinnitum·</strong></span> <span class='ocrx_word' id='word_1_153' title='bbox 975 3405 1125 3461; x_wconf 75' lang='lat' dir='ltr'><strong>delatorem</strong></span> <span class='ocrx_word' id='word_1_154' title='bbox 1125 3406 1188 3479; x_wconf 79' lang='lat' dir='ltr'><strong>fol·</strong></span> 
     </span>
     <span class='ocr_line' id='line_1_24' title="bbox 242 3488 1188 3566; baseline 0.01 -27"><span class='ocrx_word' id='word_1_155' title='bbox 242 3498 378 3544; x_wconf 65' lang='lat' dir='ltr'><strong>satorem,</strong></span> <span class='ocrx_word' id='word_1_156' title='bbox 398 3488 583 3557; x_wconf 74' lang='lat' dir='ltr'><strong>vulpeculam,</strong></span> <span class='ocrx_word' id='word_1_157' title='bbox 599 3491 691 3561; x_wconf 65' lang='lat' dir='ltr'><strong>lepus,</strong></span> <span class='ocrx_word' id='word_1_158' title='bbox 709 3490 912 3564; x_wconf 59' lang='lat' dir='ltr'><strong>Hereburgumr</strong></span> <span class='ocrx_word' id='word_1_159' title='bbox 926 3494 1124 3566; x_wconf 63' lang='lat' dir='ltr'><strong>atrioportumi</strong></span> <span class='ocrx_word' id='word_1_160' title='bbox 1148 3501 1188 3548; x_wconf 82' lang='lat' dir='ltr'><strong>eut</strong></span> 
     </span>
     <span class='ocr_line' id='line_1_25' title="bbox 239 3576 1188 3650; baseline 0.014 -22"><span class='ocrx_word' id='word_1_161' title='bbox 239 3576 378 3644; x_wconf 85' lang='lat' dir='ltr'><strong>seminam</strong></span> <span class='ocrx_word' id='word_1_162' title='bbox 405 3580 570 3631; x_wconf 81' lang='lat' dir='ltr'><strong>meretricem</strong></span> <span class='ocrx_word' id='word_1_163' title='bbox 590 3581 635 3633; x_wconf 77' lang='lat' dir='ltr'><strong>vel</strong></span> <span class='ocrx_word' id='word_1_164' title='bbox 653 3581 751 3633; x_wconf 82' lang='lat' dir='ltr'><strong>etriam</strong></span> <span class='ocrx_word' id='word_1_165' title='bbox 772 3583 933 3650; x_wconf 78' lang='lat' dir='ltr'><strong>appellasset·</strong></span> <span class='ocrx_word' id='word_1_166' title='bbox 967 3582 1035 3643; x_wconf 80' lang='lat' dir='ltr'><strong>vid.</strong></span> <span class='ocrx_word' id='word_1_167' title='bbox 1054 3586 1100 3642; x_wconf 73' lang='lat' dir='ltr'><strong>lex</strong></span> <span class='ocrx_word' id='word_1_168' title='bbox 1120 3583 1188 3640; x_wconf 72' lang='lat' dir='ltr'><strong>Snli·</strong></span> 
     </span>
    </p>
   </div>
   <div class='ocr_carea' id='block_1_7' title="bbox 244 3666 1192 3830">
    <p class='ocr_par' dir='ltr' id='par_1_8' title="bbox 244 3666 1192 3830">
     <span class='ocr_line' id='line_1_26' title="bbox 247 3666 1192 3740; baseline 0.023 -28"><span class='ocrx_word' id='word_1_169' title='bbox 247 3680 280 3714; x_wconf 78' lang='lat' dir='ltr'><strong>ne</strong></span> <span class='ocrx_word' id='word_1_170' title='bbox 302 3679 425 3720; x_wconf 79' lang='lat' dir='ltr'><strong>wranna</strong></span> <span class='ocrx_word' id='word_1_171' title='bbox 445 3684 477 3720; x_wconf 75' lang='lat' dir='ltr'><strong>cr</strong></span> <span class='ocrx_word' id='word_1_172' title='bbox 498 3666 553 3723; x_wconf 79' lang='lat' dir='ltr'><strong>‘rte</strong></span> <span class='ocrx_word' id='word_1_173' title='bbox 570 3681 617 3726; x_wconf 67' lang='grc' dir='ltr'><strong>ιιι</strong></span> <span class='ocrx_word' id='word_1_174' title='bbox 633 3667 684 3727; x_wconf 71' lang='lat'><strong>552</strong></span> <span class='ocrx_word' id='word_1_175' title='bbox 717 3669 769 3740; x_wconf 73' lang='lat'><strong>67·</strong></span> <span class='ocrx_word' id='word_1_176' title='bbox 787 3677 814 3726; x_wconf 82' lang='lat' dir='ltr'><strong>et</strong></span> <span class='ocrx_word' id='word_1_177' title='bbox 835 3670 1067 3732; x_wconf 52' lang='lat' dir='ltr'><strong>&amp;corneum</strong></span> <span class='ocrx_word' id='word_1_178' title='bbox 1086 3675 1192 3732; x_wconf 72' lang='lat' dir='ltr'><strong>sstem</strong></span> 
     </span>
     <span class='ocr_line' id='line_1_27' title="bbox 244 3748 602 3830; baseline 0.039 -29"><span class='ocrx_word' id='word_1_179' title='bbox 244 3748 435 3817; x_wconf 70' lang='lat' dir='ltr'><strong>significatione</strong></span> <span class='ocrx_word' id='word_1_180' title='bbox 450 3758 480 3810; x_wconf 71' lang='lat' dir='ltr'><strong>ll·</strong></span> <span class='ocrx_word' id='word_1_181' title='bbox 503 3757 602 3830; x_wconf 66' lang='lat'><strong>§.15⁶0</strong></span> 
     </span>
    </p>
   </div>
   <div class='ocr_carea' id='block_1_8' title="bbox 0 0 1418 4964">
    <p class='ocr_par' dir='ltr' id='par_1_9' title="bbox 0 0 1418 4964">
     <span class='ocr_line' id='line_1_28' title="bbox 0 0 1418 4964; baseline 0 0"><span class='ocrx_word' id='word_1_182' title='bbox 0 0 1418 4964; x_wconf 95' lang='lat' dir='ltr'><strong> </strong></span> 
     </span>
    </p>
   </div>
  </div>
 </body>
</html>
