2828 4964
392 375 438 454 28
605 371 834 449 SPECIMEN
858 365 1123 446 JURIDICUM

390 582 476 656 senti
497 592 612 654 nostro
635 576 788 651 instituto
809 572 1004 660 videantur,
1036 595 1158 668 operae
1189 570 1346 669 pretium

392 735 444 798 est
467 721 539 797 siue
566 716 671 794 dubio
686 715 787 816 paulo
809 712 1003 813 diligentius
1022 711 1226 809 exquirere,
1251 739 1345 811 qua-

391 873 489 934 tenus
512 881 599 958 quae
634 857 677 927 de
708 855 872 950 majorum
896 851 1061 924 institutis
1097 850 1343 950 antiquissimis

392 997 437 1072 ad
460 998 612 1069 notitiam
630 1006 776 1066 nostram
794 1004 1040 1092 pervenerunt,
1061 988 1343 1092 eadamquoque

391 1135 483 1218 initia
513 1137 785 1233 incrementaque
813 1128 905 1252 {qiud
928 1131 1076 1226 majores
1109 1129 1185 1203 ilios
1209 1131 1344 1248 fuisse,

391 1277 599 1351 confirment.

442 1419 563 1518 Neque
583 1411 717 1490 difficile
743 1412 845 1485 ctiam
870 1410 955 1488 illud
975 1429 1114 1484 examen
1140 1411 1229 1484 erit:
1259 1436 1343 1488 nam

395 1568 527 1655 praeter
563 1575 696 1638 ‘raom
735 1554 980 1628 Germaniam
1020 1551 1063 1624 de
1106 1552 1342 1656 antiquissimo

394 1693 672 1770 Germanicarum
698 1693 850 1793 gentium
877 1707 965 1766 statu
989 1693 1033 1766 ad
1052 1718 1112 1764 nos
1131 1718 1341 1766 monumen-

393 1846 428 1906 ta
455 1833 511 1904 vix
537 1845 721 1924 venerunt,
745 1845 780 1905 et
806 1832 890 1934 quin
920 1832 1034 1931 Belgis
1061 1854 1217 1935 qnoque,
1252 1831 1277 1903 i.
1302 1857 1339 1908 e.

396 1969 516 2047 harum
535 1971 730 2075 regionum,
768 1997 856 2073 quae
876 1997 968 2046 nunc
991 1972 1168 2071 Belginum
1191 1995 1343 2069 regnum

398 2112 623 2201 constituunt,
647 2112 782 2204 incolis,
803 2139 842 2185 ea
863 2112 1009 2186 debeant
1029 2112 1190 2212 applicari
1210 2136 1251 2184 eo
1272 2113 1344 2185 mi-

396 2275 462 2324 nus
501 2249 670 2338 dubium,
724 2277 794 2356 quo
840 2253 963 2328 certius
1004 2264 1055 2326 est
1096 2278 1165 2325 non
1211 2263 1344 2331 tantum

393 2390 567 2468 inferiores
605 2391 705 2465 etiam
744 2404 858 2490 partes
896 2392 1098 2466 Germaniae
1138 2416 1346 2481 nemum,

394 2531 578 2631 respexisse
603 2530 677 2629 (ι)
704 2557 823 2607 verum
851 2544 886 2604 et
914 2557 992 2604 rum
1020 2532 1155 2612 Batavis
1178 2505 1345 2605 eaeteris-

394 2692 461 2766 que
481 2667 645 2744 inferioris
663 2667 862 2744 Germaniae
881 2670 1040 2774 gentibus
1054 2674 1246 2774 frequenter
1265 2673 1346 2748 Ro.

393 2831 510 2879 manos
529 2808 737 2883 ¹commercia
774 2811 883 2910 egisse
914 2807 989 2912 (2)
1295 2814 1340 2887 At

436 2964 490 3032 (ι)
511 2963 670 3019 Generienm
696 2970 859 3024 Germaniae
873 2988 967 3024 nomen
984 2974 1080 3036 fuisse,
1104 2989 1157 3042 quo
1172 2975 1260 3040 plures
1275 2991 1343 3042 gen-

398 3062 452 3117 tes,
475 3057 554 3108 etiam
572 3059 691 3125 proxima
713 3058 747 3110 ed
772 3078 844 3114 mare
872 3057 1039 3117 habitantes,
1074 3082 1127 3134 qno
1155 3083 1225 3118 nunc
1252 3066 1344 3136 Belgae

397 3142 537 3201 habitant,
551 3149 822 3217 comprehenduntur,
837 3161 941 3205 constat
951 3155 1005 3222 jam
1022 3172 1054 3206 ex
1071 3167 1180 3207 Tncrro
1195 3155 1261 3222 Cap.
1284 3173 1294 3214 ι
1317 3163 1345 3209 et

398 3243 422 3289 ἡ.
455 3235 506 3307 Qui
523 3257 641 3307 expresse
662 3244 732 3294 inter
750 3245 810 3295 ilias
832 3253 920 3312 gentes
945 3248 1064 3298 nominat
1083 3237 1195 3302 Battum
1219 3252 1284 3318 Cap.
1300 3266 1343 3319 ²9·

398 3326 442 3380 cf.
464 3330 510 3397 qui
531 3329 563 3381 de
579 3331 772 3384 Germanorum
794 3333 980 3404 Belgarumque
998 3335 1085 3386 initiis
1107 3339 1211 3407 egregie
1226 3341 1343 3412 scripse-

396 3418 474 3475 runt:
496 3436 557 3475 rar
575 3435 633 3475 nau
651 3435 774 3476 serenan
789 3441 933 3494 oorapmug
947 3429 996 3478 der
1025 3427 1247 3481 Vaderlandacha
1266 3431 1344 3500 Reg-

394 3522 458 3564 ion,
475 3525 657 3568 inuramus
678 3515 707 3566 in
727 3515 854 3568 Iussiear.
862 3517 938 3584 juria
957 3517 1035 3586 Belg.
1054 3531 1183 3570 ruamus
1197 3520 1227 3570 in
1242 3521 1345 3572 Hr'ato·

396 3606 441 3652 ria
454 3604 620 3659 Flandriaes
637 3619 774 3660 ststuosm
787 3609 924 3659 Histoire-2
938 3610 984 3659 dee
998 3609 1186 3686 Republiques
1195 3609 1345 3662 italiana&

397 3691 417 3742 1.
440 3709 463 3745 2.
484 3705 510 3744 et
531 3710 556 3750 n.
579 3709 738 3750 cannasws
757 3699 787 3749 iu
807 3699 872 3750 dise.
893 3699 926 3752 da
938 3700 1010 3757 Inst.
1023 3702 1099 3768 J'un'e
1111 3699 1215 3770 public.
1231 3708 1260 3752 et
1269 3700 1344 3768 prin·

399 3782 472 3833 inter
491 3784 611 3836 Batavos
627 3803 657 3854 p.
681 3786 707 3838 5.

436 3869 488 3941 (a)
506 3867 637 3923 Cohortes
663 3872 840 3928 Romanorum
869 3873 1025 3936 Batavican
1064 3889 1239 3932 ostentum
1266 3880 1344 3944 iter,

1245 3978 1348 4024 cntu-
