2828 4964
246 358 296 438 38
457 348 696 432 SPEClMEN
717 352 741 429 J
744 347 987 431 uulurcuu

292 558 406 661 Atque
429 524 511 634 haec
535 559 676 660 quidem
703 559 731 632 si
758 559 846 652 vera]
863 557 948 643 sint,
978 552 1073 628 facile
1102 577 1201 648 quo-

249 710 318 798 'que
354 711 510 797 apparet,
552 696 815 798 disputationem
852 719 992 769 omnem
1026 690 1068 765 de
1103 693 1200 766 anti-

207 800 210 812 .
252 835 363 939 quiori
390 837 504 936 aliquo
536 835 657 936 Belgio
688 835 817 909 nullam
843 835 945 943 aliam
975 857 1052 906 esse
1077 852 1204 930 posse,

249 989 481 1076 praeteream
505 973 549 1047 de
576 976 649 1073 jure
678 974 814 1047 illarum
847 974 1022 1074 gentium,
1056 995 1200 1070 qrrarum

253 1138 347 1185 arma
375 1126 409 1188 et
437 1095 578 1212 imperia
608 1111 673 1185 sibi
700 1137 764 1212 per
791 1086 1044 1211 longumillud
1084 1134 1202 1181 saecu-

254 1251 367 1396 losm
396 1253 543 1350 spatium
574 1263 814 1325 successerunt
863 1250 989 1342 Quales
1019 1274 1100 1323 cum
1126 1251 1202 1346 pri·

255 1368 357 1464 mum
395 1390 559 1479 Romani,
610 1388 735 1462 deinde
774 1414 856 1465 vero
902 1388 1044 1472 Franci,
1095 1387 1203 1458 Sauo·

263 1551 326 1601 nes
357 1541 392 1601 et
418 1528 576 1602 Frisones
606 1529 769 1620 suerint,·
798 1527 841 1600 de
875 1526 928 1600 his
957 1527 1063 1600 etiam
1087 1527 1204 1626 singu*

261 1664 306 1741 lis
329 1690 419 1737 nunc
438 1667 541 1764 paulo
563 1665 761 1768 diligentius
784 1664 982 1750 dicendum.

310 1806 381 1879 Nec
409 1818 522 1876 tamen
553 1805 597 1878 ad
628 1830 770 1881 examen
804 1803 890 1879 illud
914 1826 1095 1903 possumus
1120 1826 1207 1900 per-

264 1965 345 2044 gere
375 1941 448 2015 nisi
469 1942 654 2041 praemissa
681 1955 778 2016 antea
814 1941 1062 2031 observatione,
1099 1965 1208 2039 quam

266 2081 459 2180 complures
485 2079 528 2155 de
551 2078 617 2154 hoc
641 2080 717 2154 loco
754 2079 962 2180 disputantes
989 2093 1117 2153 temere
1145 2105 1209 2151 ue·

265 2221 410 2314 glorisso
436 2217 615 2309 videntur,
645 2244 800 2320 quaeque
823 2243 864 2290 eo
884 2217 1013 2308 tendit,
1043 2230 1089 2296 ut·
1108 2238 1210 2318 prae-

266 2361 386 2435 sertim
413 2360 449 2433 in
484 2357 546 2432 hac
577 2358 678 2431 etiam
705 2356 930 2456 disputatione
947 2369 1099 2455 tempora
1122 2357 1213 2428 beno

269 2511 305 2570 ot
344 2509 494 2569 accurate
527 2494 809 2595 distinguantur,
851 2521 934 2568 cum
960 2496 1110 2594 profecto
1140 2520 1213 2567 non

273 2635 353 2706 satis
383 2637 428 2705 sit
461 2631 620 2731 probasse
640 2635 753 2733 legem
792 2634 941 2734 aliquam
974 2632 1065 2734 apud
1099 2635 1216 2706 Fran-

273 2794 396 2861 conos,
428 2771 573 2844 Saxones
601 2785 658 2843 aut
685 2772 809 2847 Frisios
836 2797 1032 2862 occurrere,
1067 2786 1107 2845 ut
1137 2774 1215 2847 inde

276 2908 362 2979 effici
391 2910 515 3006 possit,
552 2909 665 3008 legem
697 2910 790 2988 illam
821 2910 908 2983 inter
934 2911 1089 3012 Belgicus
1125 2913 1217 3010 leges

275 3046 391 3118 referri
428 3044 568 3135 debere,
603 3072 722 3122 verum
740 3049 880 3122 omnino
903 3050 1042 3148 insuper
1064 3076 1218 3123 necessa-

194 3198 197 3203 '
279 3184 328 3262 tia
347 3184 389 3257 sit
409 3182 669 3273 demonstratio,
697 3186 808 3285 legem
829 3187 923 3260 illam
947 3189 1145 3288 posterioris
1161 3214 1216 3259 ae·

280 3323 358 3397 tatis
386 3348 457 3394 non
482 3345 575 3410 esse,
608 3349 710 3422 quarn
740 3324 847 3422 ipsum
871 3326 1002 3426 gentis,
1034 3330 1131 3425 cujus
1166 3327 1218 3403 itta

279 3461 335 3539 lex
352 3475 421 3550 est,
445 3462 482 3532 in
498 3461 693 3553 Provinciis
710 3461 856 3562 Belgicis
876 3465 1121 3542 auctoritatem.
1150 3467 1219 3557 Quo

282 3603 421 3698 quidem
449 3627 517 3673 non
537 3600 688 3699 neglectu
709 3599 940 3674 observatione
959 3617 1080 3700 sponte
1099 3605 1143 3676 ad
1162 3604 1221 3684 ali·

284 3759 341 3815 nm
363 3740 420 3820 vix
447 3740 587 3818 minoris
615 3740 779 3820 momenti
808 3738 981 3822 <lucinum
1006 3765 1144 3852 sempor
1161 3743 1223 3823 sci-

1184 3880 1229 3962 u-
