<?xml version="1.0" encoding="UTF-8"?>
<!DOCTYPE html PUBLIC "-//W3C//DTD XHTML 1.0 Transitional//EN"
    "http://www.w3.org/TR/xhtml1/DTD/xhtml1-transitional.dtd">
<html xmlns="http://www.w3.org/1999/xhtml" xml:lang="en" lang="en">
 <head>
  <title>
</title>
<meta http-equiv="Content-Type" content="text/html;charset=utf-8" />
  <meta name='ocr-system' content='tesseract 3.04.00' />
  <meta name='ocr-capabilities' content='ocr_page ocr_carea ocr_par ocr_line ocrx_word'/>
</head>
<body>
  <div class='ocr_page' id='page_1' title='image "./specimenjuridic00unkngoog_0071.png"; bbox 0 0 2828 4964; ppageno 0'>
   <div class='ocr_carea' id='block_1_1' title="bbox 273 307 1010 402">
    <p class='ocr_par' dir='ltr' id='par_1_1' title="bbox 273 304 1010 402">
     <span class='ocr_line' id='line_1_1' title="bbox 273 307 1010 402; baseline 0.001 -18"><span class='ocrx_word' id='word_1_1' title='bbox 273 307 322 384; x_wconf 85' lang='lat'>50</span> <span class='ocrx_word' id='word_1_2' title='bbox 486 309 724 386; x_wconf 69' lang='lat' dir='ltr'>srt‘ntntntt</span> <span class='ocrx_word' id='word_1_3' title='bbox 747 310 1010 402; x_wconf 79' lang='lat' dir='ltr'>rnntntcntt</span> 
     </span>
    </p>
   </div>
   <div class='ocr_carea' id='block_1_2' title="bbox 278 482 1228 619">
    <p class='ocr_par' dir='ltr' id='par_1_2' title="bbox 278 482 1228 619">
     <span class='ocr_line' id='line_1_2' title="bbox 278 482 1228 619; baseline 0.008 -33"><span class='ocrx_word' id='word_1_4' title='bbox 278 513 347 586; x_wconf 87' lang='lat' dir='ltr'>illis</span> <span class='ocrx_word' id='word_1_5' title='bbox 376 528 474 587; x_wconf 81' lang='lat' dir='ltr'>antea</span> <span class='ocrx_word' id='word_1_6' title='bbox 506 512 619 588; x_wconf 88' lang='lat' dir='ltr'>bisin</span> <span class='ocrx_word' id='word_1_7' title='bbox 653 515 750 587; x_wconf 84' lang='lat' dir='ltr'>terris</span> <span class='ocrx_word' id='word_1_8' title='bbox 775 514 1037 614; x_wconf 85' lang='lat' dir='ltr'>possidebantur</span> <span class='ocrx_word' id='word_1_9' title='bbox 1068 482 1228 619; x_wconf 81' lang='lat' dir='ltr'>regiones</span> 
     </span>
    </p>
   </div>
   <div class='ocr_carea' id='block_1_3' title="bbox 210 651 1228 2970">
    <p class='ocr_par' dir='ltr' id='par_1_3' title="bbox 210 651 1228 2970">
     <span class='ocr_line' id='line_1_3' title="bbox 278 651 1225 753; baseline 0.007 -28"><span class='ocrx_word' id='word_1_10' title='bbox 278 666 338 726; x_wconf 84' lang='lat' dir='ltr'>aut</span> <span class='ocrx_word' id='word_1_11' title='bbox 375 654 511 729; x_wconf 83' lang='lat' dir='ltr'>Francis</span> <span class='ocrx_word' id='word_1_12' title='bbox 550 666 608 726; x_wconf 87' lang='lat' dir='ltr'>aut</span> <span class='ocrx_word' id='word_1_13' title='bbox 646 651 845 726; x_wconf 79' lang='lat' dir='ltr'>Fn‘sonibus</span> <span class='ocrx_word' id='word_1_14' title='bbox 878 656 1041 753; x_wconf 85' lang='lat' dir='ltr'>paulatim</span> <span class='ocrx_word' id='word_1_15' title='bbox 1083 659 1225 732; x_wconf 79' lang='lat' dir='ltr'>cessisse</span> 
     </span>
     <span class='ocr_line' id='line_1_4' title="bbox 279 790 1226 900; baseline 0.005 -33"><span class='ocrx_word' id='word_1_16' title='bbox 279 790 458 900; x_wconf 60' lang='lat' dir='ltr'>videntum</span> <span class='ocrx_word' id='word_1_17' title='bbox 506 818 586 864; x_wconf 91' lang='lat' dir='ltr'>cum</span> <span class='ocrx_word' id='word_1_18' title='bbox 622 815 739 865; x_wconf 89' lang='lat' dir='ltr'>eorum</span> <span class='ocrx_word' id='word_1_19' title='bbox 774 807 850 892; x_wconf 87' lang='lat' dir='ltr'>post</span> <span class='ocrx_word' id='word_1_20' title='bbox 888 793 946 866; x_wconf 88' lang='lat' dir='ltr'>illa</span> <span class='ocrx_word' id='word_1_21' title='bbox 983 809 1135 896; x_wconf 82' lang='lat' dir='ltr'>tempora</span> <span class='ocrx_word' id='word_1_22' title='bbox 1164 799 1226 872; x_wconf 81' lang='lat' dir='ltr'>vix</span> 
     </span>
     <span class='ocr_line' id='line_1_5' title="bbox 280 929 1227 1030; baseline 0.008 -28"><span class='ocrx_word' id='word_1_23' title='bbox 280 932 410 1004; x_wconf 86' lang='lat' dir='ltr'>mentio</span> <span class='ocrx_word' id='word_1_24' title='bbox 431 929 521 1030; x_wconf 91' lang='lat' dir='ltr'>apud</span> <span class='ocrx_word' id='word_1_25' title='bbox 547 930 719 1005; x_wconf 85' lang='lat' dir='ltr'>historicos</span> <span class='ocrx_word' id='word_1_26' title='bbox 742 946 880 1006; x_wconf 84' lang='lat' dir='ltr'>nostros.</span> <span class='ocrx_word' id='word_1_27' title='bbox 895 949 1070 1026; x_wconf 83' lang='lat' dir='ltr'>occurrat,</span> <span class='ocrx_word' id='word_1_28' title='bbox 1107 950 1145 1009; x_wconf 90' lang='lat' dir='ltr'>et</span> <span class='ocrx_word' id='word_1_29' title='bbox 1171 961 1227 1010; x_wconf 84' lang='lat' dir='ltr'>ex-</span> 
     </span>
     <span class='ocr_line' id='line_1_6' title="bbox 280 1068 1227 1173; baseline 0.007 -31"><span class='ocrx_word' id='word_1_30' title='bbox 280 1095 395 1170; x_wconf 80' lang='lat' dir='ltr'>presse</span> <span class='ocrx_word' id='word_1_31' title='bbox 428 1068 512 1142; x_wconf 91' lang='lat' dir='ltr'>adeo</span> <span class='ocrx_word' id='word_1_32' title='bbox 541 1095 597 1142; x_wconf 88' lang='lat' dir='ltr'>eos</span> <span class='ocrx_word' id='word_1_33' title='bbox 622 1094 662 1142; x_wconf 83' lang='lat' dir='ltr'>cx</span> <span class='ocrx_word' id='word_1_34' title='bbox 692 1068 746 1142; x_wconf 91' lang='lat' dir='ltr'>his</span> <span class='ocrx_word' id='word_1_35' title='bbox 765 1071 960 1170; x_wconf 79' lang='lat' dir='ltr'>regionibus</span> <span class='ocrx_word' id='word_1_36' title='bbox 988 1087 1047 1148; x_wconf 85' lang='lat' dir='ltr'>aut</span> <span class='ocrx_word' id='word_1_37' title='bbox 1071 1074 1116 1148; x_wconf 80' lang='lat' dir='ltr'>ad</span> <span class='ocrx_word' id='word_1_38' title='bbox 1140 1076 1227 1173; x_wconf 83' lang='lat' dir='ltr'>pris·</span> 
     </span>
     <span class='ocr_line' id='line_1_7' title="bbox 282 1207 1227 1309; baseline 0.002 -27"><span class='ocrx_word' id='word_1_39' title='bbox 282 1209 368 1282; x_wconf 87' lang='lat' dir='ltr'>tinas</span> <span class='ocrx_word' id='word_1_40' title='bbox 397 1208 494 1282; x_wconf 86' lang='lat' dir='ltr'>sedes</span> <span class='ocrx_word' id='word_1_41' title='bbox 527 1208 563 1280; x_wconf 89' lang='lat' dir='ltr'>in</span> <span class='ocrx_word' id='word_1_42' title='bbox 585 1207 784 1297; x_wconf 84' lang='lat' dir='ltr'>Germania,</span> <span class='ocrx_word' id='word_1_43' title='bbox 803 1207 974 1309; x_wconf 83' lang='lat' dir='ltr'>Superiori</span> <span class='ocrx_word' id='word_1_44' title='bbox 1002 1211 1141 1286; x_wconf 81' lang='lat' dir='ltr'>rediisse</span> <span class='ocrx_word' id='word_1_45' title='bbox 1171 1226 1227 1296; x_wconf 82' lang='lat' dir='ltr'>aut</span> 
     </span>
     <span class='ocr_line' id='line_1_8' title="bbox 277 1312 1181 1425; baseline 0.003 -3"><span class='ocrx_word' id='word_1_46' title='bbox 277 1348 314 1422; x_wconf 92' lang='lat' dir='ltr'>in</span> <span class='ocrx_word' id='word_1_47' title='bbox 342 1349 530 1421; x_wconf 78' lang='lat' dir='ltr'>Britannias</span> <span class='ocrx_word' id='word_1_48' title='bbox 547 1346 735 1420; x_wconf 81' lang='lat' dir='ltr'>decessisse</span> <span class='ocrx_word' id='word_1_49' title='bbox 765 1361 880 1420; x_wconf 87' lang='lat' dir='ltr'>narret</span> <span class='ocrx_word' id='word_1_50' title='bbox 906 1312 1181 1425; x_wconf 72' lang='lat' dir='ltr'>mactaturus.</span> 
     </span>
     <span class='ocr_line' id='line_1_9' title="bbox 329 1483 1221 1587; baseline 0 -27"><span class='ocrx_word' id='word_1_51' title='bbox 329 1488 425 1579; x_wconf 89' lang='lat' dir='ltr'>Quae</span> <span class='ocrx_word' id='word_1_52' title='bbox 448 1487 554 1585; x_wconf 85' lang='lat' dir='ltr'>igitar</span> <span class='ocrx_word' id='word_1_53' title='bbox 576 1498 653 1585; x_wconf 91' lang='lat' dir='ltr'>post</span> <span class='ocrx_word' id='word_1_54' title='bbox 676 1483 759 1558; x_wconf 81' lang='lat' dir='ltr'>baec</span> <span class='ocrx_word' id='word_1_55' title='bbox 790 1497 948 1582; x_wconf 86' lang='lat' dir='ltr'>tempora</span> <span class='ocrx_word' id='word_1_56' title='bbox 970 1487 1061 1587; x_wconf 85' lang='lat' dir='ltr'>apud</span> <span class='ocrx_word' id='word_1_57' title='bbox 1077 1487 1221 1562; x_wconf 83' lang='lat' dir='ltr'>Saxones</span> 
     </span>
     <span class='ocr_line' id='line_1_10' title="bbox 281 1624 1224 1725; baseline 0.002 -28"><span class='ocrx_word' id='word_1_58' title='bbox 281 1637 339 1697; x_wconf 83' lang='lat' dir='ltr'>ant</span> <span class='ocrx_word' id='word_1_59' title='bbox 367 1649 478 1696; x_wconf 87' lang='lat' dir='ltr'>mores</span> <span class='ocrx_word' id='word_1_60' title='bbox 497 1625 731 1714; x_wconf 88' lang='lat' dir='ltr'>invaluerunt,</span> <span class='ocrx_word' id='word_1_61' title='bbox 749 1637 807 1697; x_wconf 87' lang='lat' dir='ltr'>aut</span> <span class='ocrx_word' id='word_1_62' title='bbox 834 1624 929 1725; x_wconf 83' lang='lat' dir='ltr'>leges</span> <span class='ocrx_word' id='word_1_63' title='bbox 948 1627 1035 1699; x_wconf 81' lang='lat' dir='ltr'>latae</span> <span class='ocrx_word' id='word_1_64' title='bbox 1068 1639 1164 1713; x_wconf 90' lang='lat' dir='ltr'>sunt,</span> <span class='ocrx_word' id='word_1_65' title='bbox 1184 1624 1224 1699; x_wconf 89' lang='lat' dir='ltr'>ad</span> 
     </span>
     <span class='ocr_line' id='line_1_11' title="bbox 280 1758 1225 1865; baseline 0.002 -32"><span class='ocrx_word' id='word_1_66' title='bbox 280 1776 433 1834; x_wconf 88' lang='lat' dir='ltr'>nostrum</span> <span class='ocrx_word' id='word_1_67' title='bbox 465 1758 556 1834; x_wconf 90' lang='lat' dir='ltr'>hunc</span> <span class='ocrx_word' id='word_1_68' title='bbox 579 1764 695 1836; x_wconf 91' lang='lat' dir='ltr'>locum</span> <span class='ocrx_word' id='word_1_69' title='bbox 727 1776 798 1836; x_wconf 89' lang='lat' dir='ltr'>non</span> <span class='ocrx_word' id='word_1_70' title='bbox 839 1766 1028 1865; x_wconf 83' lang='lat' dir='ltr'>pertinent,</span> <span class='ocrx_word' id='word_1_71' title='bbox 1072 1777 1107 1837; x_wconf 85' lang='lat' dir='ltr'>et</span> <span class='ocrx_word' id='word_1_72' title='bbox 1139 1789 1225 1863; x_wconf 85' lang='lat' dir='ltr'>quae</span> 
     </span>
     <span class='ocr_line' id='line_1_12' title="bbox 284 1900 1227 1998; baseline -0.005 -26"><span class='ocrx_word' id='word_1_73' title='bbox 284 1913 342 1972; x_wconf 84' lang='lat' dir='ltr'>ant</span> <span class='ocrx_word' id='word_1_74' title='bbox 384 1913 461 1972; x_wconf 85' lang='lat' dir='ltr'>autc</span> <span class='ocrx_word' id='word_1_75' title='bbox 514 1914 572 1974; x_wconf 78' lang='lat' dir='ltr'>aut</span> <span class='ocrx_word' id='word_1_76' title='bbox 604 1902 689 1974; x_wconf 79' lang='lat' dir='ltr'>cirne</span> <span class='ocrx_word' id='word_1_77' title='bbox 725 1902 820 1975; x_wconf 86' lang='lat' dir='ltr'>illam</span> <span class='ocrx_word' id='word_1_78' title='bbox 861 1914 999 1974; x_wconf 85' lang='lat' dir='ltr'>aetatem</span> <span class='ocrx_word' id='word_1_79' title='bbox 1031 1900 1068 1972; x_wconf 91' lang='lat' dir='ltr'>in</span> <span class='ocrx_word' id='word_1_80' title='bbox 1111 1904 1227 1998; x_wconf 85' lang='lat' dir='ltr'>scrip.</span> 
     </span>
     <span class='ocr_line' id='line_1_13' title="bbox 291 2035 1228 2130; baseline 0 -18"><span class='ocrx_word' id='word_1_81' title='bbox 291 2054 400 2112; x_wconf 86' lang='lat' dir='ltr'>turam</span> <span class='ocrx_word' id='word_1_82' title='bbox 443 2039 573 2114; x_wconf 81' lang='lat' dir='ltr'>redacta</span> <span class='ocrx_word' id='word_1_83' title='bbox 619 2053 697 2114; x_wconf 90' lang='lat' dir='ltr'>sunt</span> <span class='ocrx_word' id='word_1_84' title='bbox 734 2053 967 2130; x_wconf 84' lang='lat' dir='ltr'>monumenta,</span> <span class='ocrx_word' id='word_1_85' title='bbox 1008 2035 1093 2110; x_wconf 84' lang='lat' dir='ltr'>adeo</span> <span class='ocrx_word' id='word_1_86' title='bbox 1141 2040 1228 2112; x_wconf 90' lang='lat' dir='ltr'>nul-</span> 
     </span>
     <span class='ocr_line' id='line_1_14' title="bbox 281 2171 1227 2280; baseline -0.004 -27"><span class='ocrx_word' id='word_1_87' title='bbox 281 2181 314 2254; x_wconf 86' lang='lat' dir='ltr'>la</span> <span class='ocrx_word' id='word_1_88' title='bbox 338 2193 440 2269; x_wconf 90' lang='lat' dir='ltr'>sunt,</span> <span class='ocrx_word' id='word_1_89' title='bbox 474 2193 530 2268; x_wconf 90' lang='lat' dir='ltr'>ut,</span> <span class='ocrx_word' id='word_1_90' title='bbox 560 2203 647 2280; x_wconf 85' lang='lat' dir='ltr'>qnae</span> <span class='ocrx_word' id='word_1_91' title='bbox 674 2179 782 2278; x_wconf 91' lang='lat' dir='ltr'>prima</span> <span class='ocrx_word' id='word_1_92' title='bbox 820 2172 954 2252; x_wconf 88' lang='lat' dir='ltr'>morum</span> <span class='ocrx_word' id='word_1_93' title='bbox 981 2171 1227 2250; x_wconf 85' lang='lat' dir='ltr'>Saxonicor&#39;um</span> 
     </span>
     <span class='ocr_line' id='line_1_15' title="bbox 282 2313 1228 2417; baseline -0.005 -24"><span class='ocrx_word' id='word_1_94' title='bbox 282 2321 435 2393; x_wconf 83' lang='lat' dir='ltr'>collectio</span> <span class='ocrx_word' id='word_1_95' title='bbox 462 2319 565 2417; x_wconf 81' lang='lat' dir='ltr'>vulgo</span> <span class='ocrx_word' id='word_1_96' title='bbox 595 2315 738 2389; x_wconf 88' lang='lat' dir='ltr'>habetur</span> <span class='ocrx_word' id='word_1_97' title='bbox 763 2338 1024 2392; x_wconf 65' lang='lat' dir='ltr'>auricomus</span> <span class='ocrx_word' id='word_1_98' title='bbox 1049 2313 1124 2415; x_wconf 92' lang='lat'>(1)</span> <span class='ocrx_word' id='word_1_99' title='bbox 1151 2341 1228 2388; x_wconf 84' lang='lat' dir='ltr'>sae-</span> 
     </span>
     <span class='ocr_line' id='line_1_16' title="bbox 210 2442 1225 2558; baseline -0.007 -27"><span class='ocrx_word' id='word_1_100' title='bbox 210 2551 213 2558; x_wconf 28' lang='lat'>·</span> <span class='ocrx_word' id='word_1_101' title='bbox 279 2460 357 2531; x_wconf 91' lang='lat' dir='ltr'>culo</span> <span class='ocrx_word' id='word_1_102' title='bbox 385 2459 524 2529; x_wconf 87' lang='lat' dir='ltr'>demum</span> <span class='ocrx_word' id='word_1_103' title='bbox 549 2456 800 2530; x_wconf 89' lang='lat' dir='ltr'>decimotertio</span> <span class='ocrx_word' id='word_1_104' title='bbox 826 2442 1083 2554; x_wconf 84' lang='lat' dir='ltr'>compilatasit,</span> <span class='ocrx_word' id='word_1_105' title='bbox 1119 2466 1225 2552; x_wconf 85' lang='lat' dir='ltr'>atque</span> 
     </span>
     <span class='ocr_line' id='line_1_17' title="bbox 282 2593 1224 2694; baseline -0.002 -26"><span class='ocrx_word' id='word_1_106' title='bbox 282 2596 331 2668; x_wconf 90' lang='lat' dir='ltr'>sic</span> <span class='ocrx_word' id='word_1_107' title='bbox 353 2607 482 2667; x_wconf 87' lang='lat' dir='ltr'>constet</span> <span class='ocrx_word' id='word_1_108' title='bbox 513 2619 553 2677; x_wconf 77' lang='lat' dir='ltr'>er</span> <span class='ocrx_word' id='word_1_109' title='bbox 586 2595 656 2668; x_wconf 90' lang='lat' dir='ltr'>illis</span> <span class='ocrx_word' id='word_1_110' title='bbox 690 2593 924 2694; x_wconf 87' lang='lat' dir='ltr'>similibusque</span> <span class='ocrx_word' id='word_1_111' title='bbox 951 2593 1224 2682; x_wconf 82' lang='lat' dir='ltr'>collectionibus,</span> 
     </span>
     <span class='ocr_line' id='line_1_18' title="bbox 279 2732 1222 2833; baseline -0.003 -28"><span class='ocrx_word' id='word_1_112' title='bbox 279 2732 322 2805; x_wconf 85' lang='lat' dir='ltr'>ad</span> <span class='ocrx_word' id='word_1_113' title='bbox 348 2735 501 2833; x_wconf 87' lang='lat' dir='ltr'>regiones</span> <span class='ocrx_word' id='word_1_114' title='bbox 528 2748 625 2807; x_wconf 85' lang='lat' dir='ltr'>antea</span> <span class='ocrx_word' id='word_1_115' title='bbox 660 2732 839 2806; x_wconf 83' lang='lat' dir='ltr'>Saxonicas</span> <span class='ocrx_word' id='word_1_116' title='bbox 871 2734 1123 2807; x_wconf 57' lang='lat' dir='ltr'>conclusionem</span> <span class='ocrx_word' id='word_1_117' title='bbox 1157 2757 1222 2804; x_wconf 91' lang='lat' dir='ltr'>non</span> 
     </span>
     <span class='ocr_line' id='line_1_19' title="bbox 279 2867 1222 2970; baseline -0.004 -25"><span class='ocrx_word' id='word_1_118' title='bbox 279 2872 411 2956; x_wconf 86' lang='lat' dir='ltr'>valere,</span> <span class='ocrx_word' id='word_1_119' title='bbox 455 2874 519 2943; x_wconf 90' lang='lat' dir='ltr'>nisi</span> <span class='ocrx_word' id='word_1_120' title='bbox 547 2871 681 2945; x_wconf 86' lang='lat' dir='ltr'>aliunde</span> <span class='ocrx_word' id='word_1_121' title='bbox 711 2873 845 2970; x_wconf 86' lang='lat' dir='ltr'>probari</span> <span class='ocrx_word' id='word_1_122' title='bbox 871 2873 1001 2970; x_wconf 86' lang='lat' dir='ltr'>possit,</span> <span class='ocrx_word' id='word_1_123' title='bbox 1047 2875 1151 2946; x_wconf 89' lang='lat' dir='ltr'>etiam</span> <span class='ocrx_word' id='word_1_124' title='bbox 1183 2867 1222 2942; x_wconf 86' lang='lat' dir='ltr'>ad</span> 
     </span>
    </p>
   </div>
   <div class='ocr_carea' id='block_1_4' title="bbox 280 3007 1223 3249">
    <p class='ocr_par' dir='ltr' id='par_1_4' title="bbox 280 3007 1223 3249">
     <span class='ocr_line' id='line_1_20' title="bbox 280 3007 1223 3110; baseline -0.003 -28"><span class='ocrx_word' id='word_1_125' title='bbox 280 3022 422 3089; x_wconf 79' lang='lat' dir='ltr'>aetatem</span> <span class='ocrx_word' id='word_1_126' title='bbox 459 3007 545 3083; x_wconf 86' lang='lat' dir='ltr'>hane</span> <span class='ocrx_word' id='word_1_127' title='bbox 573 3009 770 3083; x_wconf 82' lang='lat' dir='ltr'>retrahenda</span> <span class='ocrx_word' id='word_1_128' title='bbox 807 3035 898 3100; x_wconf 87' lang='lat' dir='ltr'>csse,</span> <span class='ocrx_word' id='word_1_129' title='bbox 947 3036 1034 3110; x_wconf 84' lang='lat' dir='ltr'>quae</span> <span class='ocrx_word' id='word_1_130' title='bbox 1071 3010 1120 3085; x_wconf 92' lang='lat' dir='ltr'>ibi</span> <span class='ocrx_word' id='word_1_131' title='bbox 1151 3023 1223 3081; x_wconf 86' lang='lat' dir='ltr'>taa-</span> 
     </span>
     <span class='ocr_line' id='line_1_21' title="bbox 1041 3136 1222 3249; baseline -0.011 -29"><span class='ocrx_word' id='word_1_132' title='bbox 1041 3136 1060 3178; x_wconf 58' lang='lat'><strong>⁴</strong></span> <span class='ocrx_word' id='word_1_133' title='bbox 1128 3171 1222 3249; x_wconf 80' lang='lat' dir='ltr'>quarn</span> 
     </span>
    </p>
   </div>
   <div class='ocr_carea' id='block_1_5' title="bbox 277 3375 1218 3817">
    <p class='ocr_par' dir='ltr' id='par_1_5' title="bbox 277 3375 1218 3817">
     <span class='ocr_line' id='line_1_22' title="bbox 318 3375 1218 3448; baseline -0.006 -18"><span class='ocrx_word' id='word_1_134' title='bbox 318 3378 369 3448; x_wconf 82' lang='lat' dir='ltr'>(r)</span> <span class='ocrx_word' id='word_1_135' title='bbox 388 3375 548 3430; x_wconf 80' lang='lat' dir='ltr'>Srncunnu</span> <span class='ocrx_word' id='word_1_136' title='bbox 563 3388 733 3429; x_wconf 77' lang='lat' dir='ltr'>saxorncute</span> <span class='ocrx_word' id='word_1_137' title='bbox 746 3394 786 3428; x_wconf 85' lang='lat' dir='ltr'>me</span> <span class='ocrx_word' id='word_1_138' title='bbox 801 3377 966 3446; x_wconf 74' lang='lat' dir='ltr'>intelligere,</span> <span class='ocrx_word' id='word_1_139' title='bbox 988 3378 1125 3447; x_wconf 82' lang='lat' dir='ltr'>quod-illa</span> <span class='ocrx_word' id='word_1_140' title='bbox 1147 3380 1218 3428; x_wconf 75' lang='lat' dir='ltr'>retro</span> 
     </span>
     <span class='ocr_line' id='line_1_23' title="bbox 277 3468 1217 3540; baseline -0.001 -19"><span class='ocrx_word' id='word_1_141' title='bbox 277 3470 429 3536; x_wconf 67' lang='lat' dir='ltr'>compilasse</span> <span class='ocrx_word' id='word_1_142' title='bbox 449 3468 554 3519; x_wconf 84' lang='lat' dir='ltr'>videtur</span> <span class='ocrx_word' id='word_1_143' title='bbox 578 3479 650 3518; x_wconf 74' lang='lat' dir='ltr'>erno</span> <span class='ocrx_word' id='word_1_144' title='bbox 670 3482 689 3517; x_wconf 74' lang='grc' dir='ltr'><strong>Α</strong></span> <span class='ocrx_word' id='word_1_145' title='bbox 711 3480 833 3518; x_wconf 76' lang='lat' dir='ltr'>nurnow</span> <span class='ocrx_word' id='word_1_146' title='bbox 854 3468 933 3519; x_wconf 81' lang='lat' dir='ltr'>facile</span> <span class='ocrx_word' id='word_1_147' title='bbox 952 3473 1064 3540; x_wconf 80' lang='lat' dir='ltr'>quiaque</span> <span class='ocrx_word' id='word_1_148' title='bbox 1091 3471 1217 3538; x_wconf 62' lang='lat' dir='ltr'>intelliget</span> 
     </span>
     <span class='ocr_line' id='line_1_24' title="bbox 278 3540 1217 3628; baseline -0.002 -18"><span class='ocrx_word' id='word_1_149' title='bbox 278 3558 358 3610; x_wconf 79' lang='lat' dir='ltr'>Plura</span> <span class='ocrx_word' id='word_1_150' title='bbox 367 3569 451 3612; x_wconf 85' lang='lat' dir='ltr'>autom</span> <span class='ocrx_word' id='word_1_151' title='bbox 465 3560 511 3628; x_wconf 89' lang='lat' dir='ltr'>qui</span> <span class='ocrx_word' id='word_1_152' title='bbox 527 3560 606 3612; x_wconf 72' lang='lat' dir='ltr'>velit,</span> <span class='ocrx_word' id='word_1_153' title='bbox 624 3559 743 3609; x_wconf 79' lang='lat' dir='ltr'>conferet</span> <span class='ocrx_word' id='word_1_154' title='bbox 757 3559 960 3624; x_wconf 73' lang='lat' dir='ltr'>praelationem,</span> <span class='ocrx_word' id='word_1_155' title='bbox 982 3559 1156 3628; x_wconf 68' lang='lat' dir='ltr'>praemissam</span> <span class='ocrx_word' id='word_1_156' title='bbox 1169 3540 1217 3608; x_wconf 70' lang='lat' dir='ltr'>cal·</span> 
     </span>
     <span class='ocr_line' id='line_1_25' title="bbox 277 3648 1215 3716; baseline 0.002 -20"><span class='ocrx_word' id='word_1_157' title='bbox 277 3649 340 3716; x_wconf 84' lang='lat' dir='ltr'>pori</span> <span class='ocrx_word' id='word_1_158' title='bbox 353 3651 427 3715; x_wconf 76' lang='lat' dir='ltr'>juris</span> <span class='ocrx_word' id='word_1_159' title='bbox 449 3652 592 3701; x_wconf 56' lang='lat' dir='ltr'>Germana</span> <span class='ocrx_word' id='word_1_160' title='bbox 614 3648 686 3715; x_wconf 84' lang='lat' dir='ltr'>qarod</span> <span class='ocrx_word' id='word_1_161' title='bbox 701 3665 741 3703; x_wconf 55' lang='lat' dir='ltr'>,ex</span> <span class='ocrx_word' id='word_1_162' title='bbox 762 3648 936 3715; x_wconf 73' lang='lat' dir='ltr'>Bibliotheca</span> <span class='ocrx_word' id='word_1_163' title='bbox 956 3655 1215 3704; x_wconf 73' lang='lat' dir='ltr'>snttxnrtnnnomtt</span> 
     </span>
     <span class='ocr_line' id='line_1_26' title="bbox 279 3733 1201 3817; baseline 0.016 -35"><span class='ocrx_word' id='word_1_164' title='bbox 279 3733 365 3784; x_wconf 78' lang='lat' dir='ltr'>edidit</span> <span class='ocrx_word' id='word_1_165' title='bbox 385 3748 412 3787; x_wconf 87' lang='lat' dir='ltr'>a.</span> <span class='ocrx_word' id='word_1_166' title='bbox 436 3750 464 3789; x_wconf 81' lang='lat' dir='ltr'>o.</span> <span class='ocrx_word' id='word_1_167' title='bbox 487 3744 595 3791; x_wconf 76' lang='lat' dir='ltr'>nonme</span> <span class='ocrx_word' id='word_1_168' title='bbox 614 3752 634 3790; x_wconf 77' lang='lat' dir='ltr'>a</span> <span class='ocrx_word' id='word_1_169' title='bbox 654 3749 867 3795; x_wconf 70' lang='lat' dir='ltr'>cosmometra.</span> <span class='ocrx_word' id='word_1_170' title='bbox 888 3755 905 3792; x_wconf 82' lang='lat' dir='ltr'>s</span> <span class='ocrx_word' id='word_1_171' title='bbox 923 3739 987 3796; x_wconf 78' lang='lat' dir='ltr'>Vol.</span> <span class='ocrx_word' id='word_1_172' title='bbox 1010 3740 1043 3794; x_wconf 80' lang='lat' dir='ltr'>ia</span> <span class='ocrx_word' id='word_1_173' title='bbox 1052 3739 1153 3814; x_wconf 77' lang='lat' dir='ltr'>folio-1</span> <span class='ocrx_word' id='word_1_174' title='bbox 1197 3808 1201 3817; x_wconf 15' lang='grc' dir='ltr'><strong><em>ἢ</em></strong></span> 
     </span>
    </p>
   </div>
   <div class='ocr_carea' id='block_1_6' title="bbox 0 0 1418 4964">
    <p class='ocr_par' dir='ltr' id='par_1_6' title="bbox 0 0 1418 4964">
     <span class='ocr_line' id='line_1_27' title="bbox 0 0 1418 4964; baseline 0 0"><span class='ocrx_word' id='word_1_175' title='bbox 0 0 1418 4964; x_wconf 95' lang='lat' dir='ltr'> </span> 
     </span>
    </p>
   </div>
  </div>
 </body>
</html>
