2828 4964
441 324 923 440 ‘rurueurlnn
1125 315 1190 406 'm
1321 311 1324 316 “

251 554 255 560 ·
289 526 443 627 Primum
479 531 572 603 euim
606 529 686 605 huic
716 533 895 628 praecipue
921 533 1019 605 aetati
1054 531 1181 609 adscri-

222 665 397 741 -bendum
433 668 569 744 ridetur
604 671 739 743 initium
779 669 1058 768 jurisprudentiae
1090 673 1179 747 illius

242 804 570 897 consuetudinariae,
602 833 687 907 quae
708 806 869 906 deinceps
887 807 924 881 in
946 806 1103 880 amnibus
1126 811 1183 881 sa-

243 943 293 1013 ris
320 942 464 1042 Belgicis
483 947 711 1019 anctoritatem
735 970 844 1045 usque
877 944 921 1018 ad
945 945 1063 1019 ultima
1094 959 1185 1018 tenr-

241 1107 324 1182 pura
358 1083 495 1184 retinuit
521 1097 555 1158 et
582 1082 770 1157 secundum
802 1111 905 1184 quam
928 1086 1040 1158 miuus
1068 1109 1108 1157 ex
1127 1085 1182 1156 le-

239 1219 360 1319 gibus,
401 1248 505 1321 quam
539 1248 581 1295 ex
626 1220 818 1295 auctoritate
851 1221 1179 1318 jurisconsultorum,
1286 1274 1292 1280 -

243 1358 442 1431 eruditionis
456 1358 567 1457 aliqua
581 1361 669 1430 fama
690 1358 890 1450 illustrium,
910 1365 963 1460 jus
981 1361 1181 1450 dicebatur3

245 1494 365 1594 paucis
388 1509 519 1569 tantum
550 1492 629 1569 illis¹
646 1498 754 1570 causis
781 1500 952 1599 exeeptis,
986 1498 1029 1572 de
1058 1498 1183 1599 quihus

243 1634 433 1736 singulares
468 1636 560 1728 leger
612 1646 668 1708 aut
701 1634 790 1709 salus
835 1636 972 1737 publica
1009 1649 1068 1712 aut
1107 1638 1183 1736 pri-

240 1787 358 1869 vatum
391 1774 591 1873 imperantis
626 1773 842 1848 commodum
895 1776 1054 1877 exigeret.
1110 1775 1179 1848 Pro

230 1913 381 2011 antiquo
402 1913 505 2012 igitur
524 1915 598 2008 jure
618 1913 760 2012 scripto,
787 1914 952 2012 paulatim
973 1916 1026 2010 jus
1050 1932 1179 1988 norum

243 2074 312 2123 non
340 2051 503 2148 scriptum
534 2031 694 2137 invaluit,
734 2073 856 2121 verum
884 2051 1051 2123 incertum
1074 2048 1178 2139 illud,

242 2200 382 2286 propter
396 2210 500 2259 noras
519 2185 672 2284 quotidie
699 2185 929 2277 auctoritates,
968 2196 1020 2274 et,
1052 2185 1183 2260 varium
1274 2172 1277 2177 ¹

242 2350 308 2425 pro
343 2323 482 2399 diversis
508 2323 721 2422 regionibus,
760 2312 898 2422 propter
916 2322 1183 2422 {jurisconsulto-

244 2489 342 2555 rum,
384 2464 445 2567 qui
484 2464 521 2536 in
544 2465 684 2563 singulis
712 2463 781 2536 illis
811 2457 1005 2561 regionibns
1034 2463 1181 2537 auctori-

237 2616 311 2676 tate
334 2602 588 2700 praevalebant,
617 2599 842 2699 discrepantes
870 2598 1049 2678 doctrinas.

293 2741 405 2840 Atque
430 2736 495 2813 hoc
522 2739 662 2840 quidem
694 2739 808 2840 ipsum
839 2764 967 2814 novum
992 2765 1103 2840 neque
1124 2740 1178 2814 le-

240 2903 320 2954 vem
356 2878 474 2963 debuit
509 2878 695 2979 producere
728 2878 896 2956 ellectum.
945 2877 1035 2953 Cum
1064 2882 1179 2970 enim,

240 3020 291 3092 uti
336 3044 435 3120 supra
481 3018 650 3108 diximus,
697 3016 758 3107 his¹
799 3019 1010 3119 temporibus
1056 3020 1178 3116 paula-
1287 3002 1289 3006 ¹

238 3157 301 3231 tim
334 3159 443 3233 studia
476 3159 648 3232 literarum
682 3172 950 3244 renascerentur,
989 3169 1024 3228 et
1056 3169 1176 3228 aucto-

236 3302 371 3370 ritatem
394 3298 431 3369 iu
457 3294 529 3367 dies
550 3299 712 3394 majorem
738 3298 791 3391 jus
814 3296 1005 3368 Romanum
1029 3293 1177 3367 Justiui-

233 3455 362 3506 ¹aueum
384 3445 483 3534 atque
497 3435 551 3527 jus
564 3433 773 3504 Caranicum
791 3428 1071 3529 adipiscerentur,
1095 3430 1174 3502 hinc

234 3569 398 3671 paulatim
417 3567 461 3642 ad
484 3570 556 3665 jura
578 3569 635 3640 illa
655 3581 815 3662 tauquam
834 3567 877 3641 ad
891 3569 984 3666 leges
1006 3569 1042 3640 in
1063 3567 1174 3642 tribu.
1210 3560 1215 3569 ’

230 3707 364 3785 natibus
382 3689 386 3695 ¹
393 3708 567 3815 provocari
589 3706 711 3808 coepit.
756 3707 845 3780 Cum
859 3703 981 3796 auteml
1004 3732 1071 3783 ure
1100 3708 1170 3783 Ca-

754 3828 1280 3923 Ls'uffi'
