<?xml version="1.0" encoding="UTF-8"?>
<!DOCTYPE html PUBLIC "-//W3C//DTD XHTML 1.0 Transitional//EN"
    "http://www.w3.org/TR/xhtml1/DTD/xhtml1-transitional.dtd">
<html xmlns="http://www.w3.org/1999/xhtml" xml:lang="en" lang="en">
 <head>
  <title>
</title>
<meta http-equiv="Content-Type" content="text/html;charset=utf-8" />
  <meta name='ocr-system' content='tesseract 3.04.00' />
  <meta name='ocr-capabilities' content='ocr_page ocr_carea ocr_par ocr_line ocrx_word'/>
</head>
<body>
  <div class='ocr_page' id='page_1' title='image "./specimenjuridic00unkngoog_0103.png"; bbox 0 0 2828 4964; ppageno 0'>
   <div class='ocr_carea' id='block_1_1' title="bbox 407 283 1131 369">
    <p class='ocr_par' dir='ltr' id='par_1_1' title="bbox 407 283 1131 369">
     <span class='ocr_line' id='line_1_1' title="bbox 407 283 1131 369; baseline -0.004 -3"><span class='ocrx_word' id='word_1_1' title='bbox 407 292 456 367; x_wconf 74' lang='lat' dir='ltr'><strong>aa</strong></span> <span class='ocrx_word' id='word_1_2' title='bbox 615 284 847 365; x_wconf 83' lang='lat' dir='ltr'><strong>SPECIMEN</strong></span> <span class='ocrx_word' id='word_1_3' title='bbox 870 283 1131 369; x_wconf 75' lang='lat' dir='ltr'>JURIDICUM</span> 
     </span>
    </p>
   </div>
   <div class='ocr_carea' id='block_1_2' title="bbox 412 490 1378 2786">
    <p class='ocr_par' dir='ltr' id='par_1_2' title="bbox 412 490 1371 1009">
     <span class='ocr_line' id='line_1_2' title="bbox 412 490 1371 593; baseline 0 -26"><span class='ocrx_word' id='word_1_4' title='bbox 412 519 477 568; x_wconf 89' lang='lat' dir='ltr'><strong>nus</strong></span> <span class='ocrx_word' id='word_1_5' title='bbox 500 493 534 566; x_wconf 93' lang='lat' dir='ltr'><strong>in</strong></span> <span class='ocrx_word' id='word_1_6' title='bbox 554 490 626 566; x_wconf 88' lang='lat' dir='ltr'><strong>dies</strong></span> <span class='ocrx_word' id='word_1_7' title='bbox 643 491 912 580; x_wconf 79' lang='lat' dir='ltr'><strong>conveniebant,</strong></span> <span class='ocrx_word' id='word_1_8' title='bbox 936 506 971 565; x_wconf 90' lang='lat' dir='ltr'><strong>et</strong></span> <span class='ocrx_word' id='word_1_9' title='bbox 998 493 1079 593; x_wconf 92' lang='lat' dir='ltr'><strong>quin</strong></span> <span class='ocrx_word' id='word_1_10' title='bbox 1106 491 1169 566; x_wconf 89' lang='lat' dir='ltr'><strong>diu</strong></span> <span class='ocrx_word' id='word_1_11' title='bbox 1199 494 1273 591; x_wconf 25' lang='lat' dir='ltr'><strong>iam·</strong></span> <span class='ocrx_word' id='word_1_12' title='bbox 1290 514 1371 568; x_wconf 61' lang='lat' dir='ltr'><strong>arr-&#39;⁹</strong></span> 
     </span>
     <span class='ocr_line' id='line_1_3' title="bbox 416 628 1370 731; baseline 0.001 -26"><span class='ocrx_word' id='word_1_13' title='bbox 416 646 451 706; x_wconf 88' lang='lat' dir='ltr'><strong>te</strong></span> <span class='ocrx_word' id='word_1_14' title='bbox 483 631 631 731; x_wconf 89' lang='lat' dir='ltr'><strong>primurn</strong></span> <span class='ocrx_word' id='word_1_15' title='bbox 650 628 732 712; x_wconf 88' lang='lat' dir='ltr'><strong>iuris</strong></span> <span class='ocrx_word' id='word_1_16' title='bbox 752 629 941 702; x_wconf 88' lang='lat' dir='ltr'><strong>Crirninalis</strong></span> <span class='ocrx_word' id='word_1_17' title='bbox 968 631 1082 729; x_wconf 87' lang='lat' dir='ltr'><strong>scripti</strong></span> <span class='ocrx_word' id='word_1_18' title='bbox 1104 631 1370 705; x_wconf 63' lang='lat' dir='ltr'><strong>emendatorem*</strong></span> 
     </span>
     <span class='ocr_line' id='line_1_4' title="bbox 423 768 1362 870; baseline 0.001 -27"><span class='ocrx_word' id='word_1_19' title='bbox 423 792 607 844; x_wconf 76' lang='lat' dir='ltr'><strong>canonem</strong></span> <span class='ocrx_word' id='word_1_20' title='bbox 637 790 811 854; x_wconf 80' lang='lat' dir='ltr'><strong>omnnem</strong></span> <span class='ocrx_word' id='word_1_21' title='bbox 836 768 979 866; x_wconf 87' lang='lat' dir='ltr'><strong>plurima</strong></span> <span class='ocrx_word' id='word_1_22' title='bbox 997 770 1079 864; x_wconf 88' lang='lat' dir='ltr'><strong>juris</strong></span> <span class='ocrx_word' id='word_1_23' title='bbox 1095 771 1212 868; x_wconf 86' lang='lat' dir='ltr'><strong>scripti</strong></span> <span class='ocrx_word' id='word_1_24' title='bbox 1231 771 1362 870; x_wconf 79' lang='lat' dir='ltr'><strong>antiqui</strong></span> 
     </span>
     <span class='ocr_line' id='line_1_5' title="bbox 420 905 1362 1009; baseline 0.002 -28"><span class='ocrx_word' id='word_1_25' title='bbox 420 910 527 1008; x_wconf 84' lang='lat' dir='ltr'><strong>capita</strong></span> <span class='ocrx_word' id='word_1_26' title='bbox 544 909 578 980; x_wconf 89' lang='lat' dir='ltr'><strong>in</strong></span> <span class='ocrx_word' id='word_1_27' title='bbox 602 905 856 979; x_wconf 67' lang='lat' dir='ltr'><strong>desuetudinem</strong></span> <span class='ocrx_word' id='word_1_28' title='bbox 874 906 1046 995; x_wconf 83' lang='lat' dir='ltr'><strong>venerint,</strong></span> <span class='ocrx_word' id='word_1_29' title='bbox 1062 905 1212 983; x_wconf 82' lang='lat' dir='ltr'><strong>dubitari</strong></span> <span class='ocrx_word' id='word_1_30' title='bbox 1230 910 1362 1009; x_wconf 77' lang='lat' dir='ltr'><strong>nequit.</strong></span> 
     </span>
    </p>

    <p class='ocr_par' dir='ltr' id='par_1_3' title="bbox 422 1043 1378 2786">
     <span class='ocr_line' id='line_1_6' title="bbox 467 1043 1371 1149; baseline 0 -27"><span class='ocrx_word' id='word_1_31' title='bbox 467 1051 520 1122; x_wconf 83' lang='lat' dir='ltr'><strong>Ne</strong></span> <span class='ocrx_word' id='word_1_32' title='bbox 555 1047 632 1147; x_wconf 86' lang='lat' dir='ltr'><strong>quis</strong></span> <span class='ocrx_word' id='word_1_33' title='bbox 666 1059 777 1118; x_wconf 86' lang='lat' dir='ltr'><strong>tamen</strong></span> <span class='ocrx_word' id='word_1_34' title='bbox 807 1043 871 1116; x_wconf 87' lang='lat' dir='ltr'><strong>hoc</strong></span> <span class='ocrx_word' id='word_1_35' title='bbox 906 1045 960 1118; x_wconf 91' lang='lat' dir='ltr'><strong>vel</strong></span> <span class='ocrx_word' id='word_1_36' title='bbox 1001 1044 1141 1145; x_wconf 83' lang='lat' dir='ltr'><strong>quando</strong></span> <span class='ocrx_word' id='word_1_37' title='bbox 1178 1048 1234 1120; x_wconf 83' lang='lat' dir='ltr'><strong>vel</strong></span> <span class='ocrx_word' id='word_1_38' title='bbox 1272 1074 1371 1149; x_wconf 79' lang='lat' dir='ltr'><strong>quo-2</strong></span> 
     </span>
     <span class='ocr_line' id='line_1_7' title="bbox 422 1182 1363 1285; baseline 0.002 -28"><span class='ocrx_word' id='word_1_39' title='bbox 422 1185 524 1258; x_wconf 91' lang='lat' dir='ltr'><strong>modo</strong></span> <span class='ocrx_word' id='word_1_40' title='bbox 550 1185 718 1271; x_wconf 79' lang='lat' dir='ltr'><strong>evenerit,</strong></span> <span class='ocrx_word' id='word_1_41' title='bbox 746 1209 766 1254; x_wconf 88' lang='lat' dir='ltr'><strong>a</strong></span> <span class='ocrx_word' id='word_1_42' title='bbox 795 1182 892 1255; x_wconf 90' lang='lat' dir='ltr'><strong>nobis</strong></span> <span class='ocrx_word' id='word_1_43' title='bbox 911 1197 1061 1257; x_wconf 76' lang='lat' dir='ltr'><strong>accurate</strong></span> <span class='ocrx_word' id='word_1_44' title='bbox 1079 1182 1136 1257; x_wconf 84' lang='lat' dir='ltr'><strong>hie</strong></span> <span class='ocrx_word' id='word_1_45' title='bbox 1158 1186 1279 1285; x_wconf 87' lang='lat' dir='ltr'><strong>exponi</strong></span> <span class='ocrx_word' id='word_1_46' title='bbox 1298 1212 1363 1259; x_wconf 83' lang='lat' dir='ltr'><strong>ex-</strong></span> 
     </span>
     <span class='ocr_line' id='line_1_8' title="bbox 422 1321 1369 1423; baseline -0.001 -25"><span class='ocrx_word' id='word_1_47' title='bbox 422 1337 560 1423; x_wconf 87' lang='lat' dir='ltr'><strong>spectet.</strong></span> <span class='ocrx_word' id='word_1_48' title='bbox 614 1322 676 1395; x_wconf 86' lang='lat' dir='ltr'><strong>Est</strong></span> <span class='ocrx_word' id='word_1_49' title='bbox 705 1322 798 1393; x_wconf 91' lang='lat' dir='ltr'><strong>enim</strong></span> <span class='ocrx_word' id='word_1_50' title='bbox 827 1346 864 1394; x_wconf 87' lang='lat' dir='ltr'><strong>ea</strong></span> <span class='ocrx_word' id='word_1_51' title='bbox 902 1321 973 1420; x_wconf 89' lang='lat' dir='ltr'><strong>ipsa</strong></span> <span class='ocrx_word' id='word_1_52' title='bbox 1008 1322 1093 1395; x_wconf 89' lang='lat' dir='ltr'><strong>ratio</strong></span> <span class='ocrx_word' id='word_1_53' title='bbox 1117 1326 1369 1415; x_wconf 73' lang='lat' dir='ltr'><strong>mutationum,</strong></span> 
     </span>
     <span class='ocr_line' id='line_1_9' title="bbox 425 1459 1364 1565; baseline 0.001 -28"><span class='ocrx_word' id='word_1_54' title='bbox 425 1490 512 1565; x_wconf 82' lang='lat' dir='ltr'><strong>qnae</strong></span> <span class='ocrx_word' id='word_1_55' title='bbox 535 1464 606 1536; x_wconf 91' lang='lat' dir='ltr'><strong>sine</strong></span> <span class='ocrx_word' id='word_1_56' title='bbox 622 1460 818 1562; x_wconf 74' lang='lat' dir='ltr'><strong>legislatoris</strong></span> <span class='ocrx_word' id='word_1_57' title='bbox 834 1459 1078 1537; x_wconf 83' lang='lat' dir='ltr'><strong>interventione</strong></span> <span class='ocrx_word' id='word_1_58' title='bbox 1094 1462 1262 1561; x_wconf 84' lang='lat' dir='ltr'><strong>paulatim</strong></span> <span class='ocrx_word' id='word_1_59' title='bbox 1287 1490 1364 1539; x_wconf 89' lang='lat' dir='ltr'><strong>mo-</strong></span> 
     </span>
     <span class='ocr_line' id='line_1_10' title="bbox 425 1598 1365 1700; baseline 0 -25"><span class='ocrx_word' id='word_1_60' title='bbox 425 1601 518 1675; x_wconf 84' lang='lat' dir='ltr'><strong>ribus</strong></span> <span class='ocrx_word' id='word_1_61' title='bbox 548 1603 653 1688; x_wconf 83' lang='lat' dir='ltr'><strong>fiunt,</strong></span> <span class='ocrx_word' id='word_1_62' title='bbox 691 1611 729 1671; x_wconf 89' lang='lat' dir='ltr'><strong>ut</strong></span> <span class='ocrx_word' id='word_1_63' title='bbox 755 1623 870 1671; x_wconf 84' lang='lat' dir='ltr'><strong>earum</strong></span> <span class='ocrx_word' id='word_1_64' title='bbox 901 1598 996 1673; x_wconf 85' lang='lat' dir='ltr'><strong>initia</strong></span> <span class='ocrx_word' id='word_1_65' title='bbox 1021 1612 1056 1672; x_wconf 86' lang='lat' dir='ltr'><strong>et</strong></span> <span class='ocrx_word' id='word_1_66' title='bbox 1076 1626 1275 1700; x_wconf 79' lang='lat' dir='ltr'><strong>progressus</strong></span> <span class='ocrx_word' id='word_1_67' title='bbox 1299 1629 1365 1677; x_wconf 92' lang='lat' dir='ltr'><strong>non</strong></span> 
     </span>
     <span class='ocr_line' id='line_1_11' title="bbox 426 1736 1366 1839; baseline 0.001 -27"><span class='ocrx_word' id='word_1_68' title='bbox 426 1736 655 1826; x_wconf 84' lang='lat' dir='ltr'><strong>attendantur,</strong></span> <span class='ocrx_word' id='word_1_69' title='bbox 669 1749 849 1836; x_wconf 84' lang='lat' dir='ltr'><strong>antequam</strong></span> <span class='ocrx_word' id='word_1_70' title='bbox 860 1736 1071 1833; x_wconf 74' lang='lat' dir='ltr'><strong>effectusjam</strong></span> <span class='ocrx_word' id='word_1_71' title='bbox 1086 1738 1197 1813; x_wconf 85' lang='lat' dir='ltr'><strong>adsint</strong></span> <span class='ocrx_word' id='word_1_72' title='bbox 1208 1766 1219 1828; x_wconf 78' lang='lat'>3</span> <span class='ocrx_word' id='word_1_73' title='bbox 1230 1766 1366 1839; x_wconf 80' lang='lat' dir='ltr'><strong>acpro-</strong></span> 
     </span>
     <span class='ocr_line' id='line_1_12' title="bbox 426 1873 1365 1976; baseline 0.001 -26"><span class='ocrx_word' id='word_1_74' title='bbox 426 1880 514 1951; x_wconf 74' lang='lat' dir='ltr'><strong>leeto</strong></span> <span class='ocrx_word' id='word_1_75' title='bbox 545 1899 585 1946; x_wconf 90' lang='lat' dir='ltr'><strong>ea</strong></span> <span class='ocrx_word' id='word_1_76' title='bbox 616 1886 743 1962; x_wconf 86' lang='lat' dir='ltr'><strong>aetate,</strong></span> <span class='ocrx_word' id='word_1_77' title='bbox 789 1900 878 1973; x_wconf 82' lang='lat' dir='ltr'><strong>qua,</strong></span> <span class='ocrx_word' id='word_1_78' title='bbox 911 1873 1119 1976; x_wconf 84' lang='lat' dir='ltr'><strong>chronologis</strong></span> <span class='ocrx_word' id='word_1_79' title='bbox 1152 1876 1365 1976; x_wconf 84' lang='lat' dir='ltr'><strong>quibusdam</strong></span> 
     </span>
     <span class='ocr_line' id='line_1_13' title="bbox 429 2011 1368 2114; baseline 0.002 -27"><span class='ocrx_word' id='word_1_80' title='bbox 429 2014 595 2114; x_wconf 84' lang='lat' dir='ltr'><strong>exceptis,</strong></span> <span class='ocrx_word' id='word_1_81' title='bbox 625 2013 683 2114; x_wconf 88' lang='lat' dir='ltr'><strong>qui</strong></span> <span class='ocrx_word' id='word_1_82' title='bbox 715 2011 759 2086; x_wconf 92' lang='lat' dir='ltr'><strong>de</strong></span> <span class='ocrx_word' id='word_1_83' title='bbox 786 2011 885 2087; x_wconf 85' lang='lat' dir='ltr'><strong>bellis</strong></span> <span class='ocrx_word' id='word_1_84' title='bbox 914 2028 1017 2112; x_wconf 85' lang='lat' dir='ltr'><strong>atque</strong></span> <span class='ocrx_word' id='word_1_85' title='bbox 1047 2013 1178 2112; x_wconf 88' lang='lat' dir='ltr'><strong>praeliis</strong></span> <span class='ocrx_word' id='word_1_86' title='bbox 1202 2016 1273 2088; x_wconf 85' lang='lat' dir='ltr'><strong>fere</strong></span> <span class='ocrx_word' id='word_1_87' title='bbox 1305 2041 1368 2089; x_wconf 90' lang='lat' dir='ltr'><strong>so-</strong></span> 
     </span>
     <span class='ocr_line' id='line_1_14' title="bbox 428 2150 1378 2242; baseline -0.003 -13"><span class='ocrx_word' id='word_1_88' title='bbox 428 2154 470 2229; x_wconf 89' lang='lat' dir='ltr'><strong>lis</strong></span> <span class='ocrx_word' id='word_1_89' title='bbox 506 2167 600 2228; x_wconf 70' lang='lat' dir='ltr'><strong>erant</strong></span> <span class='ocrx_word' id='word_1_90' title='bbox 631 2152 783 2242; x_wconf 81' lang='lat' dir='ltr'><strong>solliciti,</strong></span> <span class='ocrx_word' id='word_1_91' title='bbox 830 2150 1002 2227; x_wconf 88' lang='lat' dir='ltr'><strong>historiam</strong></span> <span class='ocrx_word' id='word_1_92' title='bbox 1037 2150 1201 2227; x_wconf 87' lang='lat' dir='ltr'><strong>Gentium</strong></span> <span class='ocrx_word' id='word_1_93' title='bbox 1228 2155 1378 2227; x_wconf 55' lang='lat' dir='ltr'><strong>civilem&gt;</strong></span> 
     </span>
     <span class='ocr_line' id='line_1_15' title="bbox 427 2256 1366 2393; baseline -0.004 -22"><span class='ocrx_word' id='word_1_94' title='bbox 427 2295 485 2372; x_wconf 85' lang='lat' dir='ltr'><strong>vix</strong></span> <span class='ocrx_word' id='word_1_95' title='bbox 508 2293 630 2393; x_wconf 77' lang='lat' dir='ltr'><strong>aliquis</strong></span> <span class='ocrx_word' id='word_1_96' title='bbox 664 2288 970 2379; x_wconf 81' lang='lat' dir='ltr'><strong>animadvertebat,</strong></span> <span class='ocrx_word' id='word_1_97' title='bbox 1003 2291 1115 2380; x_wconf 87' lang='lat' dir='ltr'><strong>nulla,</strong></span> <span class='ocrx_word' id='word_1_98' title='bbox 1156 2304 1213 2365; x_wconf 88' lang='lat' dir='ltr'><strong>aut</strong></span> <span class='ocrx_word' id='word_1_99' title='bbox 1249 2256 1366 2367; x_wconf 72' lang='lat' dir='ltr'><strong>satiem</strong></span> 
     </span>
     <span class='ocr_line' id='line_1_16' title="bbox 425 2429 1376 2531; baseline 0.001 -28"><span class='ocrx_word' id='word_1_100' title='bbox 425 2430 610 2506; x_wconf 81' lang='lat' dir='ltr'><strong>admodum</strong></span> <span class='ocrx_word' id='word_1_101' title='bbox 645 2451 772 2531; x_wconf 73' lang='lat' dir='ltr'><strong>pauca,</strong></span> <span class='ocrx_word' id='word_1_102' title='bbox 816 2453 987 2503; x_wconf 86' lang='lat' dir='ltr'><strong>occurrere</strong></span> <span class='ocrx_word' id='word_1_103' title='bbox 1023 2429 1164 2519; x_wconf 85' lang='lat' dir='ltr'><strong>indicia,</strong></span> <span class='ocrx_word' id='word_1_104' title='bbox 1197 2454 1283 2528; x_wconf 88' lang='lat' dir='ltr'><strong>quae</strong></span> <span class='ocrx_word' id='word_1_105' title='bbox 1322 2429 1376 2504; x_wconf 82' lang='lat' dir='ltr'><strong>ad·</strong></span> 
     </span>
     <span class='ocr_line' id='line_1_17' title="bbox 425 2567 1370 2659; baseline -0.002 -14"><span class='ocrx_word' id='word_1_106' title='bbox 425 2569 603 2645; x_wconf 79' lang='lat' dir='ltr'><strong>veritatem</strong></span> <span class='ocrx_word' id='word_1_107' title='bbox 644 2594 706 2642; x_wconf 81' lang='lat' dir='ltr'><strong>nos</strong></span> <span class='ocrx_word' id='word_1_108' title='bbox 744 2569 887 2659; x_wconf 81' lang='lat' dir='ltr'><strong>ducant,</strong></span> <span class='ocrx_word' id='word_1_109' title='bbox 933 2568 1064 2642; x_wconf 88' lang='lat' dir='ltr'><strong>nemini</strong></span> <span class='ocrx_word' id='word_1_110' title='bbox 1105 2567 1209 2643; x_wconf 77' lang='lat' dir='ltr'><strong>eredo</strong></span> <span class='ocrx_word' id='word_1_111' title='bbox 1240 2570 1370 2643; x_wconf 74' lang='lat' dir='ltr'><strong>muum</strong></span> 
     </span>
     <span class='ocr_line' id='line_1_18' title="bbox 429 2705 609 2786; baseline 0.017 -3"><span class='ocrx_word' id='word_1_112' title='bbox 429 2705 609 2786; x_wconf 83' lang='lat' dir='ltr'><strong>videbitur.</strong></span> 
     </span>
    </p>
   </div>
   <div class='ocr_carea' id='block_1_3' title="bbox 478 2793 1369 2949">
    <p class='ocr_par' dir='ltr' id='par_1_4' title="bbox 478 2793 1369 2949">
     <span class='ocr_line' id='line_1_19' title="bbox 478 2793 1369 2949; baseline 0.002 -31"><span class='ocrx_word' id='word_1_113' title='bbox 478 2846 633 2936; x_wconf 79' lang='lat' dir='ltr'><strong>Quodsi</strong></span> <span class='ocrx_word' id='word_1_114' title='bbox 659 2870 740 2920; x_wconf 85' lang='lat' dir='ltr'><strong>vero</strong></span> <span class='ocrx_word' id='word_1_115' title='bbox 755 2859 937 2946; x_wconf 46' lang='lat' dir='ltr'><strong>‚nequeant</strong></span> <span class='ocrx_word' id='word_1_116' title='bbox 960 2846 1016 2920; x_wconf 85' lang='lat' dir='ltr'><strong>hic</strong></span> <span class='ocrx_word' id='word_1_117' title='bbox 1030 2846 1125 2921; x_wconf 83' lang='lat' dir='ltr'><strong>initia</strong></span> <span class='ocrx_word' id='word_1_118' title='bbox 1149 2859 1183 2920; x_wconf 89' lang='lat' dir='ltr'><strong>et</strong></span> <span class='ocrx_word' id='word_1_119' title='bbox 1212 2793 1369 2949; x_wconf 53' lang='lat' dir='ltr'><strong>progres-</strong></span> 
     </span>
    </p>
   </div>
   <div class='ocr_carea' id='block_1_4' title="bbox 389 2983 1369 3501">
    <p class='ocr_par' dir='ltr' id='par_1_5' title="bbox 389 2983 1369 3501">
     <span class='ocr_line' id='line_1_20' title="bbox 389 2983 1369 3087; baseline 0 -29"><span class='ocrx_word' id='word_1_120' title='bbox 389 3020 391 3025; x_wconf 96' lang='lat'>·</span> <span class='ocrx_word' id='word_1_121' title='bbox 432 3009 489 3058; x_wconf 84' lang='lat' dir='ltr'><strong>aus</strong></span> <span class='ocrx_word' id='word_1_122' title='bbox 526 2983 654 3073; x_wconf 82' lang='lat' dir='ltr'><strong>notari,</strong></span> <span class='ocrx_word' id='word_1_123' title='bbox 694 2983 738 3057; x_wconf 87' lang='lat' dir='ltr'><strong>de</strong></span> <span class='ocrx_word' id='word_1_124' title='bbox 776 2985 971 3075; x_wconf 85' lang='lat' dir='ltr'><strong>effectibus,</strong></span> <span class='ocrx_word' id='word_1_125' title='bbox 1015 2986 1076 3087; x_wconf 88' lang='lat' dir='ltr'><strong>qui</strong></span> <span class='ocrx_word' id='word_1_126' title='bbox 1105 3011 1147 3058; x_wconf 80' lang='lat' dir='ltr'><strong>ex</strong></span> <span class='ocrx_word' id='word_1_127' title='bbox 1174 3011 1312 3060; x_wconf 83' lang='lat' dir='ltr'><strong>mamm</strong></span> <span class='ocrx_word' id='word_1_128' title='bbox 1336 2998 1369 3058; x_wconf 88' lang='lat' dir='ltr'><strong>et</strong></span> 
     </span>
     <span class='ocr_line' id='line_1_21' title="bbox 429 3090 1369 3224; baseline -0.001 -25"><span class='ocrx_word' id='word_1_129' title='bbox 429 3148 543 3199; x_wconf 84' lang='lat' dir='ltr'><strong>rerum</strong></span> <span class='ocrx_word' id='word_1_130' title='bbox 574 3120 785 3221; x_wconf 85' lang='lat' dir='ltr'><strong>politicarum</strong></span> <span class='ocrx_word' id='word_1_131' title='bbox 811 3124 1015 3213; x_wconf 85' lang='lat' dir='ltr'><strong>mutatione,</strong></span> <span class='ocrx_word' id='word_1_132' title='bbox 1048 3137 1211 3224; x_wconf 82' lang='lat' dir='ltr'><strong>tanquam</strong></span> <span class='ocrx_word' id='word_1_133' title='bbox 1231 3090 1369 3200; x_wconf 79' lang='lat' dir='ltr'><strong>excau-</strong></span> 
     </span>
     <span class='ocr_line' id='line_1_22' title="bbox 431 3261 1367 3361; baseline 0.002 -25"><span class='ocrx_word' id='word_1_134' title='bbox 431 3287 487 3355; x_wconf 87' lang='lat' dir='ltr'><strong>sa,</strong></span> <span class='ocrx_word' id='word_1_135' title='bbox 520 3261 682 3361; x_wconf 83' lang='lat' dir='ltr'><strong>paulatim</strong></span> <span class='ocrx_word' id='word_1_136' title='bbox 711 3262 777 3338; x_wconf 89' lang='lat' dir='ltr'><strong>orti</strong></span> <span class='ocrx_word' id='word_1_137' title='bbox 814 3275 909 3353; x_wconf 86' lang='lat' dir='ltr'><strong>sunt,</strong></span> <span class='ocrx_word' id='word_1_138' title='bbox 948 3288 1017 3337; x_wconf 89' lang='lat' dir='ltr'><strong>non</strong></span> <span class='ocrx_word' id='word_1_139' title='bbox 1047 3261 1142 3339; x_wconf 86' lang='lat' dir='ltr'><strong>idem</strong></span> <span class='ocrx_word' id='word_1_140' title='bbox 1184 3263 1367 3340; x_wconf 87' lang='lat' dir='ltr'><strong>dicendum</strong></span> 
     </span>
     <span class='ocr_line' id='line_1_23' title="bbox 433 3399 1368 3501; baseline 0.003 -24"><span class='ocrx_word' id='word_1_141' title='bbox 433 3414 495 3477; x_wconf 75' lang='lat' dir='ltr'><strong>est</strong></span> <span class='ocrx_word' id='word_1_142' title='bbox 543 3399 613 3475; x_wconf 90' lang='lat' dir='ltr'><strong>Sed</strong></span> <span class='ocrx_word' id='word_1_143' title='bbox 644 3399 783 3474; x_wconf 90' lang='lat' dir='ltr'><strong>omnino</strong></span> <span class='ocrx_word' id='word_1_144' title='bbox 809 3399 853 3474; x_wconf 90' lang='lat' dir='ltr'><strong>ad</strong></span> <span class='ocrx_word' id='word_1_145' title='bbox 884 3402 946 3477; x_wconf 81' lang='lat' dir='ltr'><strong>tria</strong></span> <span class='ocrx_word' id='word_1_146' title='bbox 968 3414 1112 3501; x_wconf 79' lang='lat' dir='ltr'><strong>possum</strong></span> <span class='ocrx_word' id='word_1_147' title='bbox 1128 3403 1239 3501; x_wconf 80' lang='lat' dir='ltr'><strong>capita</strong></span> <span class='ocrx_word' id='word_1_148' title='bbox 1267 3407 1368 3480; x_wconf 84' lang='lat' dir='ltr'><strong>refer·</strong></span> 
     </span>
    </p>
   </div>
   <div class='ocr_carea' id='block_1_5' title="bbox 431 3539 1370 3753">
    <p class='ocr_par' dir='ltr' id='par_1_6' title="bbox 431 3539 1370 3753">
     <span class='ocr_line' id='line_1_24' title="bbox 433 3539 1370 3643; baseline 0.01 -29"><span class='ocrx_word' id='word_1_149' title='bbox 433 3543 482 3631; x_wconf 87' lang='lat' dir='ltr'><strong>ri,</strong></span> <span class='ocrx_word' id='word_1_150' title='bbox 512 3568 598 3641; x_wconf 77' lang='lat' dir='ltr'><strong>qtrae</strong></span> <span class='ocrx_word' id='word_1_151' title='bbox 630 3539 696 3615; x_wconf 85' lang='lat' dir='ltr'><strong>hoc</strong></span> <span class='ocrx_word' id='word_1_152' title='bbox 723 3552 916 3641; x_wconf 86' lang='lat' dir='ltr'><strong>temporum</strong></span> <span class='ocrx_word' id='word_1_153' title='bbox 937 3540 1035 3643; x_wconf 80' lang='lat' dir='ltr'><strong>lapsu</strong></span> <span class='ocrx_word' id='word_1_154' title='bbox 1060 3541 1237 3640; x_wconf 81' lang='lat' dir='ltr'><strong>imprimis</strong></span> <span class='ocrx_word' id='word_1_155' title='bbox 1259 3557 1370 3622; x_wconf 71' lang='lat' dir='ltr'><strong>mule-</strong></span> 
     </span>
     <span class='ocr_line' id='line_1_25' title="bbox 431 3678 636 3753; baseline 0.034 -6"><span class='ocrx_word' id='word_1_156' title='bbox 431 3689 465 3747; x_wconf 88' lang='lat' dir='ltr'><strong>ta</strong></span> <span class='ocrx_word' id='word_1_157' title='bbox 492 3678 636 3753; x_wconf 72' lang='lat' dir='ltr'><strong>luerunt.</strong></span> 
     </span>
    </p>
   </div>
   <div class='ocr_carea' id='block_1_6' title="bbox 1298 3819 1373 3898">
    <p class='ocr_par' dir='ltr' id='par_1_7' title="bbox 1298 3819 1373 3898">
     <span class='ocr_line' id='line_1_26' title="bbox 1298 3819 1373 3898; baseline -0.053 0"><span class='ocrx_word' id='word_1_158' title='bbox 1298 3819 1373 3898; x_wconf 76' lang='lat' dir='ltr'><strong>Pri·</strong></span> 
     </span>
    </p>
   </div>
   <div class='ocr_carea' id='block_1_7' title="bbox 0 0 1421 4964">
    <p class='ocr_par' dir='ltr' id='par_1_8' title="bbox 0 0 1421 4964">
     <span class='ocr_line' id='line_1_27' title="bbox 0 0 1421 4964; baseline 0 0"><span class='ocrx_word' id='word_1_159' title='bbox 0 0 1421 4964; x_wconf 95' lang='lat' dir='ltr'><strong> </strong></span> 
     </span>
    </p>
   </div>
  </div>
 </body>
</html>
