2828 4964
230 352 278 435 lll
451 345 680 428 SPECIMEN
702 342 963 422 JURlDlCUM

233 559 272 633 in
303 556 375 631 dies
406 556 513 656 magis
550 551 724 652 magisque
759 551 860 622 etiam
900 545 1039 647 legibus
1069 547 1183 621 mori-

229 693 362 795 busque
388 692 529 769 diversis
562 690 693 790 sibique
722 688 865 787 propriis
884 687 936 758 uti
967 690 1181 785 coeperuht;

234 846 267 906 et
302 856 388 931 quae
416 831 565 928 primum
593 826 780 899 Germanos
810 825 966 898 universe
1002 826 1181 922 complexa

233 972 298 1044 fuit
323 968 526 1067 disputatio,
561 990 652 1037 nunc
677 963 720 1036 ad
747 962 885 1034 alteram
917 963 1011 1033 illam
1036 960 1181 1036 aetatem

238 1130 385 1208 pergens
413 1102 608 1177 arctioribus
636 1100 759 1172 finibus
790 1100 1082 1207 circumscribitur.

283 1242 352 1317 Setl
381 1268 467 1342 quae
498 1241 650 1313 universe
676 1236 782 1310 notari
816 1223 1026 1338 describique
1056 1251 1182 1311 aetates
1214 1299 1216 1302 .

236 1360 387 1455 diversae
417 1380 512 1452 facile
539 1391 702 1477 possunt,
742 1400 810 1447 non
840 1374 1006 1447 historicis
1035 1375 1181 1449 chrono-

238 1519 422 1620 logicisque
446 1516 534 1589 notis
564 1535 669 1614 aeque
701 1514 797 1586 facile
829 1513 1071 1589 discernuntur.

202 1692 209 1703 ¹
287 1656 431 1746 Quuea
475 1673 619 1726 'merto
655 1650 697 1722 de
735 1650 986 1724 Germanorum
1029 1650 1181 1725 moribus

233 1791 350 1865 tradita
376 1801 476 1878 sunt,
507 1787 734 1861 conditionem
754 1803 863 1888 gentis
884 1788 1056 1878 exhibent,
1082 1793 1202 1887 qua-¹

236 1930 345 2004 lisca
379 1929 484 2000 altero
519 1927 649 1999 saeculo
683 1953 777 1999 aerae
804 1926 995 2002 christianae
1036 1928 1181 2002 ineunte

154 2123 157 2129 r
179 2167 182 2170 A
234 2066 320 2155 fuit,
336 2092 447 2165 neque
467 2078 576 2138 tamen
596 2078 674 2138 ante
689 2064 842 2139 victorias
860 2088 1005 2140 cauom
1022 2087 1180 2156 nouom,

236 2204 359 2305 quibus
380 2217 520 2278 exeunte
541 2205 672 2277 saeculo
692 2216 810 2279 octavo
830 2216 864 2276 et
879 2203 996 2275 harum
1013 2215 1178 2276 terrarum
1227 2200 1229 2203 ’

231 2345 413 2441 imperium
453 2355 488 2414 et
520 2340 717 2440 dignitatem
749 2341 997 2439 imperatoriam
1034 2326 1178 2442 magnus

234 2481 293 2555 ille
328 2505 393 2577 pro
428 2505 487 2552 sua
527 2491 633 2551 aetate
671 2480 724 2554 vir
758 2478 822 2552 sihi
862 2481 1085 2578 comparavit,
1134 2479 1180 2553 ad

236 2615 403 2714 ejusmodi
423 2615 636 2688 stabilitatem
653 2617 765 2690 omnia
788 2620 982 2715 pervenisse
996 2617 1180 2707 videntur,

118 2751 122 2758 ’
164 2782 169 2792 ·
238 2769 302 2845 ut,
321 2753 366 2827 de
388 2755 576 2829 continuata
603 2756 688 2830 serie
717 2768 790 2828 tum
811 2769 993 2829 eventuum
1016 2769 1092 2828 tum
1113 2755 1181 2833 hu·

236 2890 404 2964 suauitatis
422 2916 558 2993 quoque
580 2917 822 2992 progressuum
840 2894 1067 2993 exponenda,
1084 2897 1181 2995 cogi-

237 3029 300 3105 tari
323 3031 440 3128 possit.
488 3028 557 3103 Sed
576 3030 631 3105 vel
657 3028 699 3103 ab
727 3057 765 3103 ea
800 3031 872 3132 ipsa
904 3047 1011 3108 aetate
1058 3060 1181 3136 quam-

116 3167 120 3174 *
232 3167 295 3245 iis
313 3166 435 3242 melius
461 3145 661 3267 planiusque
689 3184 873 3279 eventuum
903 3174 1004 3245 series
1035 3197 1181 3273 cognos-

239 3305 357 3397 tam,
372 3408 373 3411 Ἴ
390 3302 475 3379 adeo
509 3295 630 3407 parum
664 3331 802 3382 omnem
833 3309 1075 3384 humanitatem
1105 3337 1183 3386 res·

242 3470 312 3548 que
348 3444 522 3523 cirinum
564 3445 711 3520 internas
747 3449 903 3528 curarunt
941 3447 1092 3524 historici
1127 3450 1179 3525 di·

243 3608 318 3656 cnm
341 3608 384 3673 an
411 3582 623 3684 chronologi,
659 3597 697 3660 ut
723 3585 767 3660 ad
789 3587 963 3690 saeculum
983 3590 1055 3661 fere
1087 3589 1182 3663 deci·

139 3836 140 3839 p
243 3726 341 3792 taum
364 3735 499 3806 sextum
521 3717 653 3824 praeter
675 3725 769 3826 leges
787 3726 878 3829 ipsas
903 3726 1182 3810 mmueudinera

1114 3888 1186 3970 81²⁴
