2828 4964
315 357 320 396 ;
367 327 781 413 INAUGURALE.
978 352 1041 410 rot

109 532 290 624 rebantur,
325 558 405 606 cum
454 549 488 606 et
519 533 786 632 frequentissima
815 536 939 610 fuerint
968 564 1045 612 cer·

110 676 238 748 tamine
264 671 455 770 judiciaria,
478 672 521 744 de
538 671 590 744 bis
614 670 752 745 tandem
775 674 877 772 paulo
898 675 1044 776 diligen.

109 815 178 886 tius
204 813 399 888 videndum.

156 951 210 1022 De
243 952 369 1049 origine
390 948 489 1045 hujus
520 948 664 1021 instituti
698 975 765 1021 non
794 947 941 1022 difficilis
973 949 1045 1023 dis·

112 1090 263 1186 puteti03
289 1063 465 1161 bellicosae
477 1088 570 1186 genti
589 1089 721 1186 placere
748 1087 893 1162 debebat
921 1102 1046 1164 armata

110 1226 305 1326 disceptatio
341 1221 419 1325 (1)
444 1239 478 1299 et
510 1202 598 1298 curn
620 1250 699 1298 mox
726 1226 897 1300 accederet
926 1253 1048 1328 super-

112 1366 223 1451 stitio,
264 1363 391 1436 mirum
431 1389 509 1435 sane
545 1389 615 1436 non
645 1376 716 1453 cst,
759 1365 917 1463 paulatim
955 1365 1044 1440 hunc

111 1527 239 1573 morem
274 1527 336 1600 per
362 1500 551 1574 universam
578 1504 647 1575 fere
674 1504 846 1604 Europam
871 1519 1046 1604 receptum

111 1619 401 1739 approbatamque
429 1641 531 1713 fuisse
559 1637 652 1738 (r).

158 1779 202 1851 Et
222 1804 300 1850 sane
319 1793 447 1852 exstant
474 1778 583 1875 adbuc
611 1779 708 1878 ptura
728 1803 796 1851 non
816 1780 927 1853 solum
954 1780 1047 1856 Bur·

109 1917 330 2015 gundioornrn
361 1932 395 1991 et
433 1917 733 2018 Langobardorum
755 1919 892 2017 Regum
917 1919 1044 2012 edicta,

108 2054 277 2128 sedetiam
297 2056 512 2152 Imperatoris
527 2077 674 2134 cenom
691 2074 821 2128 utam
841 2069 876 2127 et
898 2057 1043 2130 eliorum

108 2195 323 2292 sequentium
352 2189 596 2262 Germanorum
612 2189 809 2288 Principum
823 2193 940 2292 leges,
964 2197 1047 2297 qui-

107 2331 172 2403 bns
184 2330 359 2431 singularis
369 2351 502 2428 pugnae
520 2323 554 2399 in
574 2326 706 2422 judiciis
727 2353 827 2419 usos,
849 2344 1045 2431 atqrreproa

108 2468 198 2542 batio
214 2467 416 2541 ratihabetur
431 2491 498 2538 non
508 2478 637 2538 tantum
656 2465 716 2538 sed
732 2481 767 2541 ot
785 2471 1040 2566 praescribitur,

110 2609 188 2707 quia
213 2607 334 2676 molius
359 2602 561 2693 habebatur,
590 2602 744 2677 homines
771 2607 808 2680 in
837 2635 959 2710 campo
985 2639 1044 2684 ar..

109 2745 174 2816 mis
184 2741 405 2831 contendere,
422 2767 522 2846 qnam
538 2746 722 2842 perjurium
737 2763 926 2846 perpetrare
943 2752 1047 2850 (ως,

107 2882 200 2985 qnod
231 2907 391 2982 persaepe
430 2883 605 2958 eveniebat
646 2882 681 2956 in
717 2885 930 2992 judicialibus
955 2919 1042 2989 pur.

103 3021 292 3122 grationibus
351 3023 401 3094 Ita
436 3022 578 3123 quidem
610 3037 649 3095 ut
683 3049 772 3098 nnnc
809 3042 957 3100 caeterae
995 3032 1044 3104 it·
1106 3080 1110 3087 ·

105 3163 156 3236 lae
210 3188 230 3233 a
278 3161 511 3262 superstitione
566 3161 727 3236 oriundae
794 3164 1042 3264 probationes,

978 3330 1043 3375 VO-

143 3413 196 3481 (ι)
216 3413 384 3464 bonnensem
406 3414 504 3466 intrent.
534 3430 553 3464 a
573 3415 715 3466 t’hisroire
740 3417 773 3468 do
795 3427 928 3468 cannen
947 3431 1041 3481 ouran

112 3503 143 3555 Τ.
164 3504 190 3555 Ι·.
210 3520 240 3572 p.
264 3503 318 3553 108*

144 3594 196 3664 (α)
216 3593 259 3643 ef.
282 3602 482 3645 srrnnnttotct
502 3593 706 3665 reprobatione
719 3612 772 3667 per
791 3594 883 3651 duella
897 3605 923 3648 et
943 3609 1038 3664 baux.

105 3693 171 3738 tran.
189 3680 207 3734 I.
230 3681 252 3736 t.
279 3684 304 3749 tt.
325 3681 366 3746 47.
391 3697 456 3751 pag.
476 3681 519 3734 81.

146 3769 198 3840 (5)
216 3771 280 3840 Lag.
301 3769 420 3842 borget»,
440 3781 552 3823 ennom
570 3780 667 3820 nncnr
689 3768 731 3828 66.

628 3861 709 3939 Na
