2828 4964
259 333 316 438 ‚a
458 280 695 411 aramma
715 321 981 410 mrmrcmr

305 534 403 612 Licet
438 535 532 610 enim
576 545 690 609 conns
729 534 883 635 primam
927 533 1201 613 observationem

259 675 369 753 afferri
387 674 472 749 nihil
490 687 610 775 queat,
640 684 771 772 praeter
797 673 884 747 illud
906 698 1041 763 unum,
1064 674 1201 751 humani

260 813 389 915 ingenii
408 809 641 914 progressibus
666 813 866 900 convenire,
895 825 934 886 nt
956 812 1001 885 ad
1033 816 1202 914 generalia

259 977 330 1027 non
355 949 420 1024 nisi
443 974 505 1048 per
528 948 684 1050 specialia
712 949 889 1047 pervenire
917 950 1076 1048 possint,
1098 952 1209 1026 adeo-

261 1115 329 1191 que
356 1090 392 1162 in
412 1086 491 1161 nris
517 1083 737 1186 legislatoriae
764 1088 899 1161 infantia
922 1089 1015 1162 aliud
1044 1081 1206 1190 quid‘vix

261 1251 361 1330 posse
384 1224 590 1327 exspectari3
614 1239 648 1298 at
667 1225 805 1300 omnino
827 1238 942 1298 tamen
968 1227 1200 1329 quodammo-

255 1367 309 1443 do
335 1366 422 1468 legis
437 1378 591 1441 auctores
614 1386 770 1438 excusare
796 1377 926 1463 potest,
949 1365 1045 1465 quod
1072 1367 1205 1466 specia-

261 1506 312 1582 les
338 1530 452 1580 causas
484 1504 630 1578 maxime
655 1503 848 1601 frequentes
881 1505 1130 1594 enumerando,
1167 1508 1204 1580 in

262 1641 401 1745 reliquis
425 1642 683 1742 applicationem
715 1641 801 1734 legis
837 1664 878 1712 ex
904 1641 1056 1741 analogia
1078 1642 1207 1742 jndici-

261 1781 328 1855 hus
350 1781 578 1879 relinquerent
589 1829 603 1870 ,
624 1781 670 1852 ita
690 1792 730 1852 ut
747 1778 883 1879 penitus
901 1791 1012 1852 tamen
1031 1779 1203 1878 impunita

261 1919 347 1993 facta
362 1916 484 1991 similia
499 1916 566 1990 illis
582 1942 670 2017 quae
682 1916 815 2018 legibus
828 1913 1058 2014 comprehensa
1079 1930 1198 2008 erant,

263 2083 333 2134 non
364 2056 545 2130 manserint
572 2054 661 2157 (r).

309 2193 414 2288 Quod
435 2207 550 2269 autom
573 2192 619 2268 ad
650 2193 794 2268 alterum
820 2192 960 2285 attinet,
979 2193 1100 2268 melior
1130 2195 1206 2269 sine

266 2334 373 2410 (lubio
389 2345 423 2408 et
435 2333 563 2408 facilior
577 2330 728 2405 defensio
746 2345 818 2404 est:
842 2357 922 2405 cum
937 2333 1077 2407 omnino
1087 2334 1205 2433 plures

265 2477 336 2573 jam
358 2469 625 2562 observaverint,
644 2481 717 2543 tum
746 2469 1003 2544 similitudinem
1021 2470 1204 2548 verborum

265 2632 336 2683 non
357 2631 490 2708 semper
511 2608 548 2682 in
579 2608 720 2683 diversis
746 2608 811 2682 illis
835 2609 971 2710 legibus
994 2611 1121 2684 similes
1139 2637 1206 2687 ra·
1230 2713 1234 2721 ¹

266 2748 340 2822 lore
380 2770 539 2822 numeros
568 2745 773 2846 significare,
807 2759 883 2820 tum
908 2751 1058 2824 veroin
1089 2774 1204 2821 earum

268 2886 385 2983 legum
415 2885 489 2956 aliis
523 2907 693 2956 summam
725 2884 900 2959 minimam
932 2885 1087 2978 deliniri,
1122 2912 1207 2986 qaae

269 3047 333 3126 pro
354 3033 487 3096 renata
510 3034 704 3122 augeretur,
727 3022 765 3105 in
791 3024 864 3097 aliis
886 3038 1000 3098 contra
1027 3027 1205 3099 maximam

269 3163 431 3240 maroam
454 3159 659 3253 memorari,
691 3187 778 3258 quae
809 3187 873 3262 pro
906 3161 1100 3242 diversitate
1126 3190 1206 3238 cau.

270 3324 384 3376 samm
408 3298 517 3375 minui
539 3300 647 3400 possit
671 3300 763 3399 (a).
1119 3305 1149 3403 §t
1177 3328 1207 3380 a.

307 3482 363 3552 (ι)
381 3477 425 3532 Cf.
443 3489 566 3534 erraras
587 3479 618 3530 11.
639 3482 667 3550 t.
690 3484 749 3532 ior.
769 3477 857 3535 iniria.
928 3468 931 3472 ’

306 3573 364 3641 (a)
382 3570 491 3640 Egregia
513 3568 621 3622 omnino
640 3574 716 3632 sunt,
748 3585 813 3637 quae
828 3567 861 3618 ad
879 3565 951 3622 hune
969 3569 1056 3622 locum
1078 3566 1112 3621 tle
1131 3571 1206 3624 valo·

270 3673 301 3719 8⁰
319 3659 488 3721 muletarum,
516 3666 543 3711 et
561 3658 681 3710 nmvarra
703 3673 733 3708 re
753 3656 896 3708 nummaria
918 3666 1035 3711 veterem
1057 3658 1208 3720 &amano-

271 3756 331 3810 m
349 3740 648 3813 hahtdmtmtnnt
661 3747 691 3800 ll·
710 3749 737 3819 ς.
761 3745 828 3812 104·
852 3745 901 3810 106
914 3773 924 3805 ι
939 3765 1008 3821 toz,
1030 3748 1079 3807 ns
1101 3758 1128 3805 at
1151 3763 1208 3830 roe·
