2828 4964
234 326 303 407 roo
443 322 675 403 suucutut
697 318 964 402 JURIDICUM

231 528 275 605 de
318 524 586 605 adversariomm
622 554 759 631 proque
809 524 1015 628 argumentis
1058 525 1178 605 videa·

232 693 330 758 mus,
368 671 520 770 aequitas
559 669 673 769 exigit.

282 810 402 909 Neque
413 821 526 880 tamen
544 807 673 905 primae
692 804 748 878 hic
767 802 949 901 objectioni
968 802 1028 877 diu
1052 804 1179 879 immo-

233 943 396 1032 tuebimur,
408 970 512 1044 quam
521 944 1099 1045 nonnuliiproposuerunt;auditos
1107 946 1177 1021 scit

233 1082 282 1157 de
298 1083 366 1157 illis
386 1081 533 1157 Ordines
553 1108 620 1155 non
644 1082 747 1157 tuisse
791 1084 805 1182 (
826 1081 880 1179 ι),
925 1085 1013 1157 Nam
1041 1108 1180 1180 praece-

235 1218 330 1297 denti
362 1223 430 1317 jam
465 1218 672 1320 paragrapho
712 1219 892 1319 probatum
935 1234 1003 1308 ost,
1040 1221 1176 1319 plenam

231 1371 438 1460 potestatem
464 1359 702 1458 legislatorium
724 1357 815 1458 apud
833 1359 923 1430 solos
941 1355 1093 1432 Comites
1119 1362 1176 1432 fu-

229 1497 323 1590 isse,
345 1500 400 1571 eui
421 1510 541 1596 sponte
561 1520 769 1596 consequens
787 1510 860 1585 est,
882 1523 951 1569 non
973 1499 1082 1596 magis
1104 1497 1175 1572 dis-

228 1662 374 1711 sensum
397 1634 555 1711 ordinum
576 1637 764 1711 auctoritati
794 1635 910 1733 legum
939 1635 1074 1709 illarum
1109 1662 1175 1710 uo·

230 1797 309 1846 oure
337 1775 510 1872 potuisse,
545 1795 649 1873 quum
677 1799 834 1848 assensus
860 1774 905 1847 ad
940 1775 1078 1848 illorum
1103 1779 1173 1853 vim

237 1924 275 1986 at
299 1909 479 1991 efficaciam
503 1924 572 1984 erat
600 1916 808 1988 necessarius
839 1915 889 2014 (2
904 1910 930 2011 J.

279 2046 326 2123 At
360 2050 522 2147 majorem
546 2061 679 2139 umen,
703 2066 780 2150 post
805 2078 865 2143 aa,
888 2078 974 2154 quae
997 2057 1065 2150 iam
1080 2054 1173 2131 dixi-

233 2211 332 2279 mus,
354 2189 426 2264 vim
453 2191 510 2263 vix
542 2189 683 2262 alterum
708 2188 833 2280 habet,
864 2190 908 2282 ad
930 2194 1023 2294 quod
1047 2192 1172 2271 adver-

233 2327 312 2401 sarii
334 2338 536 2424 provocant,
560 2342 814 2427 argumentum
847 2332 948 2404 latam
974 2333 1102 2407 scilicet
1122 2333 1176 2408 le·

232 2488 313 2563 gam
341 2465 464 2552 fuisse,
499 2489 578 2537 cum
601 2466 668 2562 jam
699 2465 866 2564 plurimae
896 2467 997 2542 urbes
1026 2433 1176 2545 auctori·

230 2602 293 2675 tati
322 2602 437 2702 ‚regis
460 2626 533 2674 sese
571 2603 828 2695 substraxissent
853 2607 946 2706 (3).
993 2611 1173 2682 Primum

230 2733 323 2811 euim
346 2740 461 2840 ipsum
487 2740 613 2815 fuctum
639 2767 759 2817 verum
775 2771 844 2816 nou
868 2759 938 2835 est,
962 2769 1074 2848 neque
1094 2764 1175 2839 aute

231 2900 361 2949 aunum
394 2877 483 2974 1570
511 2879 622 2976 aliqua
648 2880 730 2953 urbs
761 2897 821 2954 aut
852 2886 1026 2982 provincia
1059 2889 1178 2987 regiae

234 3033 272 3088 se
301 3014 480 3088 substraxit
503 3014 701 3093 auctoritati.
749 3019 897 3094 Deinde
929 3047 1030 3114 vero,
1058 3025 1089 3097 si
1116 3027 1174 3102 vel

229 3156 372 3233 iactum-
385 3178 628 3255 agnoscemus,
657 3182 726 3230 non
744 3171 858 3232 tumen
876 3161 933 3233 illa
956 3175 1081 3236 murata
1108 3189 1182 3265 op-

226 3290 403 3394 positione
434 3305 554 3392 sponte
583 3295 762 3370 auctoritas
790 3320 969 3375 1’1111urr1
996 3299 1150 3375 cessabat
1162 3331 1177 3378 ε.

261 3508 323 3619 (Ι)
342 3545 386 3603 Cf.
407 3560 484 3602 nott.
503 3546 538 3601 ud
558 3548 691 3601 Meuium
711 3548 731 3603 1,
750 3550 772 3604 ι,
788 3567 820 3622 P·
839 3568 899 3624 ⁷0⁷·
925 3532 928 3541 =
1094 3465 1175 3518 cum

265 3637 335 3711 (a),
348 3639 486 3692 Raunoua
507 3656 569 3693 over
585 3640 618 3692 da
641 3637 777 3716 titillatu
790 3641 948 3710 jurisdictio
962 3656 994 3714 p.
1015 3641 1115 3703 6-68.
1153 3717 1157 3722 .

268 3723 324 3794 (5)
343 3725 403 3796 19¹⁸
423 3727 505 3790 toth}
522 3736 583 3786 suut
603 3716 673 3809 apud
691 3740 768 3784 δοκι
785 3731 822 3788 ud
838 3724 967 3790 uomit.
985 3730 1009 3787 1.
1023 3810 1027 3819 Ι
1174 3811 1179 3822 Ι
