2828 4964
232 405 279 460 so
442 382 674 458 SPEClMEN
696 384 721 457 J
722 380 957 458 URIDICUM

231 587 339 662 tiones
366 614 551 688 poenarum
577 588 656 687 (ι)
683 586 747 659 sihi
770 587 806 659 in
834 600 984 659 mentem
1013 600 1176 680 revocet;

233 746 319 823 quac
355 731 504 827 profecto
539 728 652 800 omnia
685 728 748 798 aha
783 726 873 799 nulia
906 723 1089 824 hypothesi
1122 731 1182 803 ni-

235 882 351 942 tuntur
382 882 628 975 praeterquam.
651 892 708 956 ea,
739 866 829 938 laeso
858 864 922 937 soli
955 864 1011 938 vel
1039 868 1181 965 potissi·

234 1034 331 1079 mum
361 1008 478 1079 saitem
509 1032 549 1078 ex
577 1007 700 1079 delicto
716 1005 757 1076 ad
773 1004 987 1102 puniendum
1013 1009 1068 1103 jus
1096 1009 1178 1082 oriri

233 1159 267 1218 et
300 1146 430 1243 piaculo
463 1145 523 1218 1110
563 1170 700 1217 omnem
737 1144 841 1217 ctiam
869 1168 999 1241 poenae
1024 1168 1178 1219 caussam

233 1284 319 1359 tolli.
382 1284 472 1371 Sed,
512 1283 606 1386 quod
650 1284 804 1357 omnium
847 1283 992 1355 maxime
1032 1283 1179 1377 probat,

232 1436 361 1499 munere
399 1448 461 1498 nos
491 1424 699 1523 propositam
736 1421 922 1497 doctrinam
958 1446 1027 1496 non
1054 1421 1180 1497 deien-

233 1558 332 1650 dcrc,
361 1562 549 1634 differentia
576 1572 645 1649 est,
675 1559 718 1632 ab
747 1558 909 1634 omnihus
934 1561 1005 1633 fere
1037 1561 1181 1662 legisla-

233 1698 362 1772 toribus
386 1698 534 1797 antiquis
568 1697 741 1775 ohscrveta
751 1749 765 1790 ,
797 1701 886 1790 iuter
909 1699 1028 1774 delicta
1052 1701 1180 1798 pubii-

234 1855 273 1909 ca
301 1849 336 1909 et
359 1836 499 1935 priuata.

282 1976 448 2068 Quamvis
482 1975 574 2048 enim
600 2001 691 2050 nunc
722 1978 873 2053 unanimi
904 1980 974 2052 fere
1007 2002 1177 2056 consensu

232 2136 351 2188 omnes
386 2113 568 2190 concedant
611 2117 810 2216 scriptores,
857 2117 949 2190 laeso
996 2142 1066 2191 non
1109 2117 1176 2193 nisi

233 2254 346 2328 damni
367 2255 610 2354 reparationem
627 2254 767 2345 deberi,
788 2255 914 2331 civitati
927 2281 1010 2332 vero
1025 2281 1175 2355 poenam

229 2395 390 2468 luendam
419 2418 510 2481 esse,
543 2387 604 2483 ut,
643 2393 775 2492 legibus
796 2390 849 2468 su'i
888 2409 1018 2472 constet
1052 2411 1177 2470 aucto·

229 2533 329 2620 ritas3
364 2531 401 2603 in
424 2534 644 2627 pristinorum
671 2545 785 2607 tamen
807 2537 1012 2635 populorum
1038 2535 1173 2634 iegibus

228 2667 322 2745 idem
359 2665 444 2740 illud
479 2669 683 2769 principium
720 2697 789 2746 non
827 2675 1042 2752 observatum
1071 2674 1175 2752 vidc-

229 2826 329 2895 mus,
362 2821 402 2879 ut
430 2810 593 2880 contraria
627 2811 743 2907 potius
775 2811 956 2912 hypothesi
992 2817 1064 2888 fere
1096 2840 1176 2888 om·

230 2968 291 3017 nes
316 2945 524 3044 antiquitatis
545 2946 638 3044 leges
665 2950 831 3042 nitantur,
864 2967 971 3054 utque
1012 2979 1082 3026 non
1113 2955 1175 3029 ni-

229 3087 258 3157 si
294 3095 373 3183 post
406 3084 615 3157 saeculorum
647 3088 779 3187 lapsum
817 3091 994 3164 recentiori
1029 3106 1170 3193 tempo·

229 3248 266 3296 re
299 3223 437 3324 plenam
471 3222 608 3296 tandem
634 3223 678 3298 de
704 3253 814 3304 errore
844 3232 1022 3308 victoriam
1049 3259 1171 3334 repor-

228 3376 299 3437 tare
327 3362 449 3438 veritas
481 3362 640 3461 potuerit.
1080 3374 1110 3471 §-
1137 3372 1171 3449 5.

265 3579 319 3649 (ι)
338 3581 415 3632 Licet
435 3582 465 3633 in
484 3582 618 3634 nonnullis
640 3583 719 3634 etiam
735 3583 839 3636 delictis
859 3585 973 3653 publicis
993 3586 1170 3641 redemtione!

231 3678 373 3731 agnoscant
395 3671 463 3737 leges
496 3672 646 3723 criminales
667 3675 807 3741 antiquae,
838 3692 896 3726 cum
918 3685 1005 3727 tamen
1027 3678 1170 3744 praecipue

230 3754 302 3802 cirea
325 3755 420 3806 deticta
443 3759 546 3823 privata
568 3761 630 3812 iliae
651 3763 777 3814 admissae
803 3765 922 3822 succinta
947 3767 1080 3836 integrm
1099 3765 1171 3826 hune

228 3842 315 3895 locum
333 3842 422 3897 melius
440 3847 559 3914 sequenti
576 3851 741 3926 paragrapho
763 3854 874 3911 macuti
893 3854 997 3913 comui·
