2828 4964
230 263 295 316 nv
667 255 751 313 Ξ

240 446 389 540 vestig-ia.
419 443 477 518 Ne
497 462 605 517 tamen
624 441 762 537 publice
775 442 931 535 accipere
952 437 1071 533 gratias
1091 455 1183 509 nunc

236 620 390 688 recuses,
414 604 558 696 gratias,
583 604 634 671 uti
669 621 711 670 ex
746 601 815 670 imo
844 616 983 691 pectore
1017 596 1179 687 proveni-

237 778 321 845 unt,
354 762 403 830 sic
436 763 535 832 etiam
563 758 711 830 debitam
741 758 1038 829 remunerationem
1069 754 1177 824 offici-

236 937 363 1010 umque
397 937 466 987 non
508 919 616 988 minus
658 915 867 988 exhibentes.
936 913 1175 985 Verumtamen

238 1076 392 1167 quamvis
416 1072 508 1144 leves
543 1071 722 1144 admodum
763 1074 848 1156 sint,
882 1092 991 1164 neque
1025 1074 1178 1161 acceptis

240 1230 412 1303 beneficiis
445 1231 692 1326 adaequandae,
730 1234 799 1317 sic,
832 1233 891 1324 qui
935 1230 1027 1301 solus
1065 1233 1179 1301 omnia

237 1386 411 1460 benefacta
442 1390 643 1459 remunerari
674 1407 807 1481 potest,
838 1387 952 1459 Deum
986 1406 1035 1456 tcr
1073 1386 1178 1477 Opti-.

241 1567 333 1619 mum
355 1546 549 1617 Maximum
574 1547 672 1615 enixe
700 1566 843 1638 precor,
871 1564 908 1614 ut
939 1543 995 1614 diu
1024 1542 1076 1614 Te
1111 1567 1182 1616 ser·

240 1723 297 1777 vet
322 1701 553 1790 incolumem,
578 1721 683 1794 utque
709 1701 844 1775 felicem
877 1699 957 1772 Tibi
990 1707 1179 1796 nostrisque

240 1863 342 1934 vitam
369 1882 538 1955 nunquam
567 1882 635 1932 non
658 1821 826 1954 praebeat.

225 2031 228 2035 '
267 2018 361 2137 'Et,
385 2021 444 2112 qui
469 2018 565 2112 juxta
582 2038 731 2093 ananum
752 2020 895 2090 maximo
918 2019 958 2090 dc
979 2043 1032 2091 mc
1051 2043 1088 2093 es
1106 2044 1179 2093 me·

243 2178 347 2265 ritus,
401 2178 672 2249 aestumatissime
732 2174 936 2265 Promotor,
988 2178 1184 2251 Clarissima

246 2355 433 2422 samanar,
459 2354 494 2406 et
517 2354 592 2406 stur
611 2353 720 2430 grates
739 2336 879 2429 publice
898 2292 985 2431 ago,
1002 2359 1070 2408 non
1089 2339 1186 2433 quod

246 2493 457 2567 institutione
485 2497 746 2591 praeceptisque
772 2494 855 2566 Tuis
883 2495 991 2566 solum
1030 2519 1102 2568 sum
1126 2520 1187 2592 ga·

246 2652 359 2738 visus,
383 2671 499 2722 verum
529 2654 636 2724 amica
663 2674 802 2747 quoque
827 2652 1051 2724 familiaritate
1079 2676 1187 2744 usus,

155 2912 158 2918 Ι
246 2825 312 2880 tam
346 2809 508 2902 publice,
536 2832 636 2902 quam
661 2813 815 2902 privatim
842 2832 959 2881 eorum
986 2813 1117 2881 fructus
1135 2835 1191 2887 tu.

249 2966 274 3038 li
309 2966 425 3040 dulces
466 2988 500 3039 et
527 2970 733 3041 utilissimos.
788 2970 911 3043 Omnia
950 2975 1062 3060 enim,
1097 2997 1191 3066 quae

244 3133 280 3203 in
298 3127 388 3221 Juris
404 3124 561 3214 Publici,
578 3127 761 3214 Gentium,
782 3126 951 3215 Naturae,
965 3129 1187 3224 Criminalis‚

144 3310 147 3317 ·
249 3285 347 3382 cujus
382 3288 543 3381 postremi
592 3286 651 3356 hic
688 3287 779 3357 facio
826 3288 1034 3380 periculum,
1071 3292 1193 3380 profe«

252 3451 307 3534 ai,
332 3445 393 3518 abs
410 3465 468 3519 aa
493 3447 611 3538 accepi
631 3446 848 3540 gratissimus.
899 3445 971 3541 Qui
998 3450 1087 3522 enim
1106 3470 1192 3521 auc-

260 3609 427 3678 toritatem
454 3605 598 3692 calleat,
618 3625 717 3698 quarn
737 3606 772 3673 in
790 3603 930 3695 probam
950 3604 1039 3697 Juris
1067 3604 1191 3678 Scien-

253 3763 335 3835 tiam
365 3781 561 3834 excerceant
606 3761 855 3855 disciplinarum
892 3760 1055 3833 elementa
1081 3767 1195 3839 modo.

255 3937 512 3992 memoratarum
543 3935 577 3988 et
602 3916 661 3990 abs
689 3938 737 3997 aa
758 3915 842 3989 tradi
860 3917 1054 4009 solitarum,
1082 3944 1195 4014 quan.

1119 4103 1195 4160 tum
