2828 4964
237 364 311 447 roo
443 366 677 451 SPECIMEN
699 368 961 479 sunmlcuu
1043 403 1048 411 ·

232 571 449 673 cogitaverit,
480 575 633 675 primum
659 575 850 651 arbitrum
878 570 1093 672 jurisdictioni
1111 567 1156 644 hir

228 710 267 784 in
300 711 399 785 terris
424 716 613 789 remedium
643 715 793 789 attulisse
819 711 1028 812 Philippicas
1055 711 1172 808 legut,'

229 873 271 924 nc
302 848 428 927 deinde
465 852 552 928 illud
585 853 752 953 imprimis
785 850 920 950 legibus
953 851 1023 923 iilis
1057 861 1156 922 udum

233 991 357 1081 fiune,
386 1004 426 1065 ut
450 990 494 1064 nb
519 1018 586 1067 uns
613 990 755 1092 quidem
781 1001 875 1089 purte
906 988 1078 1086 impunito
1101 985 1164 1060 dea·

232 1128 312 1203 liuta
343 1155 412 1203 non
447 1143 644 1219 mouerent,
679 1155 798 1203 rernm
826 1127 870 1200 nb
902 1127 1007 1199 ultera
1034 1148 1159 1228 quoqne

230 1280 328 1368 pur-te
361 1269 555 1342 innoeentes
591 1268 688 1341 focile
730 1265 881 1366 judicum
920 1263 1061 1338 arbitrio
1102 1288 1160 1336 non

232 1404 527 1499 submitterentur3
550 1405 676 1506 quibus
698 1405 856 1480 omnibus
874 1427 1087 1503 consequens
1104 1413 1161 1489 est,

234 1570 314 1620 veru
338 1546 478 1619 omnino
498 1543 652 1618 docuisse
671 1545 768 1634 illos,
792 1545 850 1643 qui
870 1568 933 1643 pro
957 1543 1078 1615 aetatis
1096 1556 1162 1614 suas

231 1685 362 1755 rufinus
381 1683 517 1784 egregie
536 1682 581 1755 de
605 1684 679 1778 jure
700 1681 875 1755 Criminnli
894 1681 1061 1754 meruisse
1086 1700 1164 1755 rut·

229 1808 393 1897 mrsu*
411 1819 665 1916 disputaverunt
683 1816 772 1913 (r).

495 2116 904 2172 coucnus10.

284 2382 398 2476 Atque
425 2374 478 2449 his
504 2374 645 2477 (pridem
675 2402 754 2450 cum
779 2375 950 2451 historiam
979 2379 1076 2451 Juris
1093 2379 1175 2454 Bel-

240 2515 308 2613 gici
330 2514 541 2604 criminalis,
571 2514 687 2589 indeo
710 2515 830 2615 primis
856 2515 977 2604 initiis,
1008 2542 1120 2617 usqne
1135 2514 1177 2590 nd

237 2681 277 2728 eu
311 2667 464 2754 temporo
493 2653 755 2744 deduxerimus,
795 2654 919 2754 quibus
945 2654 1008 2726 eliu
1037 2656 1179 2753 provin·

237 2794 364 2866 ciorum
385 2792 676 2883 meridionalium,
699 2817 787 2892 quae
809 2819 899 2868 nunc
919 2791 1091 2884 dicuntur,
1115 2796 1177 2869 aliu

239 2931 486 3032 provincinrum
505 2930 814 3026 septentrionalium
842 2929 978 3004 historia
999 2957 1074 3004 esse
1095 2959 1179 3006 coe-

238 3073 311 3171 pit,
342 3090 458 3143 cnusue
488 3064 650 3168 quidem,
675 3091 736 3141 eur
759 3068 899 3142 ulterius
936 3036 1005 3143 non
1031 3096 1178 3170 progre-

242 3211 389 3298 diemur,
426 3207 513 3280 duae
540 3207 757 3306 potissimum
787 3220 886 3295 sumt,
925 3208 1045 3296 ultera,
1083 3207 1178 3309 qnod

243 3346 288 3425 de
323 3344 556 3453 progressibus
590 3346 672 3447 juris
709 3343 901 3420 Criminnlis
934 3345 972 3419 in
1006 3349 1183 3421 Austriaco

413 3505 415 3509 ’
1098 3485 1184 3560 Bel-

291 3694 345 3762 (ι)
364 3693 409 3750 Cf.
423 3701 530 3743 resurr.
542 3663 575 3744 do
587 3684 703 3761 Repeti.
717 3688 827 3757 Batavo
838 3684 857 3745 1.
869 3685 889 3759 1,
902 3692 930 3742 st
942 3695 1061 3742 renunt
1078 3686 1101 3749 1.
1117 3685 1138 3742 1.
1151 3687 1183 3743 in

244 3779 349 3837 Introd.
369 3796 429 3848 ptr·
449 3790 490 3847 ις.
