2828 4964
484 340 933 421 ··1uaucunann
1165 363 1215 436 99

262 547 458 655 conabatur,
494 549 635 649 ejusque
666 570 784 618 manns
815 557 848 618 et
886 543 993 642 pedes
1024 569 1204 621 exureren-

261 698 339 778 tur,
369 687 397 760 si
419 686 567 760 criminis
598 698 714 759 auctor
735 683 790 757 vel
816 681 984 781 particeps
1018 699 1129 773 esset3
1169 686 1199 758 si

261 848 344 898 vero
368 825 546 913 innocens,
568 822 652 897 nihii
671 823 735 922 ipsi
762 834 912 896 noceret.
954 821 1065 922 Atque
1084 821 1135 895 his
1151 824 1197 896 ita

257 960 465 1063 peractisille
473 959 516 1033 de
534 986 602 1060 quo
613 960 869 1063 inquirebatur,
891 985 1014 1035 novem
1024 1011 1037 1052 ,
1058 973 1096 1034 ut
1116 961 1200 1058 plu·

257 1099 383 1197 rimurn
398 1123 461 1199 per
479 1098 568 1174 vices
584 1100 714 1190 'ferrum
733 1096 1005 1200 chirothecasque
1015 1098 1196 1172 candentes

256 1235 411 1338 manibus
430 1250 561 1336 gestare
579 1235 743 1324 debebat,
766 1250 824 1308 aut
842 1262 945 1338 super
962 1236 1079 1336 prunis
1100 1235 1195 1336 igui-

255 1374 368 1474 tisque
397 1371 592 1448 vomeribus
621 1371 836 1446 deambulare
870 1376 884 1474 (
936 1380 964 1471 ).

257 1616 259 1620 Ι
304 1508 440 1583 Deinde
474 1509 627 1605 probatio
656 1535 795 1613 quoque
835 1538 942 1612 aquae
983 1511 1125 1612 frigidae
1161 1513 1198 1588 in

254 1647 381 1750 judicio
407 1648 567 1750 frequens
586 1663 677 1739 erat,
709 1674 828 1726 verum
847 1653 938 1724 varie
969 1649 1073 1723 fiebat
1101 1650 1195 1750 (2).

251 1785 378 1889 ‚Modus
410 1789 556 1861 maxime
590 1788 731 1864 usitatus
771 1813 914 1888 sequens
939 1802 1026 1864 erat:
1058 1812 1197 1880 accusa-

253 1938 308 2025 tus
331 1924 452 1998 occulti
479 1923 637 2025 Criminis
686 1923 732 2000 ad
767 1926 952 2001 Ecclesiam
991 1926 1197 2018 ducebatur,

253 2061 313 2143 ubi
347 2054 451 2154 eum,
492 2076 531 2136 ut
564 2088 600 2134 se
624 2088 644 2134 a
667 2086 759 2133 sacra
786 2063 904 2158 synaxi
931 2062 1134 2155 abstineret,
1166 2064 1196 2136 si

252 2169 368 2306 revera
408 2198 627 2297 deliquisset,
669 2196 873 2270 monebant:
896 2288 900 2297 Ι
926 2212 1042 2298 postea
1077 2166 1198 2297 aquarn

251 2350 343 2409 certa
363 2335 505 2410 formula
522 2334 734 2409 benedict-am
752 2333 868 2421 bibere
891 2334 1094 2434 jubebatur:
1120 2351 1198 2410 tan·

250 2475 333 2585 clem
366 2477 448 2548 fune
481 2474 567 2548 eirca
604 2472 741 2569 lumbos
777 2472 967 2564 districtus,
1006 2489 1040 2551 et
1078 2475 1193 2583 dextra

250 2588 358 2687 rnanu
397 2614 529 2687 sinistro
567 2608 669 2712 pedi,
715 2611 868 2716 pedique
906 2616 1022 2691 dextro
1064 2618 1196 2713 sinistra

250 2778 356 2824 manu
373 2751 532 2850 alligatis,
554 2751 727 2851 inaquam
743 2753 843 2828 sacris
863 2754 1084 2828 caeremoniis
1096 2753 1193 2855 prius

250 2891 416 2990 expiatam
459 2890 707 2991 projiciebatur.
758 2893 831 2991 Qui
874 2907 989 2968 autem
1016 2893 1193 2969 incolumis

250 2996 505 3129 supernatabat,
552 3055 616 3130 pro
659 3033 837 3106 manifesto
881 3005 945 3105 reo
983 3030 1190 3121 habebatur,

251 3137 387 3260 ionae,
400 3169 584 3268 quistatim
602 3168 897 3270 submergebatur,
912 3171 1073 3244 innocens
1087 3194 1194 3266 repu-

1142 3317 1196 3376 ta.

289 3503 344 3575 (α)
365 3502 455 3570 capit.
467 3511 577 3552 canona
590 3511 689 3551 unone
705 3498 770 3552 nit.
784 3500 811 3558 4.
825 3501 891 3567 cap.
905 3499 947 3570 57.
959 3497 1108 3549 videantur
1122 3513 1192 3564 qao.

250 3597 302 3663 'qne
315 3603 441 3642 eunoun
455 3588 557 3644 Annae
572 3580 733 3641 Ecclesiae.
748 3589 892 3640 &aarum
906 3590 965 3656 998.
979 3595 1005 3638 et
1020 3596 1192 3679 mamm?

228 3696 267 3737 ts
274 3682 345 3734 Aut.
362 3681 430 3730 med.
441 3676 500 3728 aaa.
516 3677 590 3732 Dira.
605 3675 647 3727 58.

253 3774 258 3789 ··
288 3771 342 3844 (a)
360 3765 404 3822 Cf.
423 3773 546 3820 uuonan
566 3765 587 3828 Ι,
608 3764 628 3819 l.
654 3765 683 3823 0.
704 3762 730 3817 5.
752 3773 779 3817 et
800 3763 977 3823 cucuruzu.
997 3783 1029 3850 p.
1049 3764 1109 3823 464.

728 3859 806 3936 Na
