2828 4964
437 368 440 374 ·
484 337 897 422 INAUGURALE.
1117 363 1164 442 79

229 610 234 622 .
277 544 398 644 Neque
437 517 549 617 tamen
589 543 775 617 seeundum
810 541 893 616 hoec
925 546 1051 648 uliquis·
1079 549 1163 620 forte

228 678 299 760 sibi
323 682 521 780 persuadeat
533 733 545 771 ,
577 683 646 755 sola
680 696 814 755 tantum
841 684 973 773 forme,
1002 697 1037 758 et
1058 689 1168 759 mulc-

231 833 344 896 mrum
382 821 617 894 nonmdlarum
650 823 832 921 quantitate
875 821 988 922 legem
1028 821 1170 896 salicam

234 972 270 1031 et
291 957 476 1032 Frisiorum
504 959 656 1049 differre,
690 974 768 1033 sunt
795 959 886 1033 enim
925 961 1012 1034 inter
1041 973 1172 1053 utrem-

231 1123 302 1197 que
328 1098 441 1196 legem
469 1096 598 1174 diverse
626 1121 695 1170 non
711 1125 837 1197 pauca,
860 1125 947 1198 quae
972 1112 1084 1173 temen
1099 1101 1172 1173 sin-

229 1237 312 1334 gula
346 1261 435 1310 nunc
463 1262 638 1310 rosensere
666 1237 807 1310 instituti
829 1239 913 1310 ratio
932 1263 1002 1310 non
1026 1241 1172 1336 permit-

233 1377 293 1446 tit:
322 1373 393 1447 duo
413 1389 529 1446 tamen
556 1387 697 1472 propter
720 1401 776 1463 ea,
799 1399 886 1474 quoe
912 1376 1016 1450 modo
1036 1376 1174 1475 delego

230 1511 344 1586 salica
377 1511 525 1585 diximus
556 1511 613 1588 hio
644 1514 776 1585 silentio
804 1515 1068 1611 praetermittere
1103 1541 1170 1588 noo

232 1676 425 1749 possumus.

295 1792 410 1886 Atque
434 1791 582 1887 primum
613 1787 750 1890 quidem
772 1789 858 1862 illud
881 1791 966 1864 forte
996 1733 1173 1867 olrserves·

230 1952 269 2016 se
289 1928 428 2020 alicujus
456 1927 620 2002 momenti
644 1942 715 2017 est,
736 1954 825 2034 oum·
841 1930 878 2000 in
896 1930 1090 2004 coercendis
1112 1933 1172 2005 in-

236 2066 331 2162 juriis
354 2066 559 2163 singularem
591 2067 731 2138 omnino
763 2090 877 2136 eurum
900 2065 1007 2143 Solita
1036 2070 1089 2139 lex
1104 2082 1172 2165 po-

234 2204 422 2289 sueritein
448 2203 524 2301 lege
564 2214 677 2274 oontra
702 2199 896 2301 Frisiorum
925 2215 1035 2274 totum
1075 2205 1174 2275 illum

240 2344 356 2413 locum
379 2343 448 2412 sere
471 2341 603 2418 silentio
622 2340 859 2438 praetermitti,
883 2340 930 2415 ito
947 2353 986 2412 ut
1007 2364 1050 2413 ex
1075 2340 1176 2439 longa

241 2481 327 2552 serie
349 2478 549 2553 delictorum
577 2505 618 2552 ex
641 2477 705 2549 hoc
728 2504 871 2576 genere,
895 2505 981 2579 quae
1008 2481 1044 2553 in
1067 2478 1174 2554 salica

242 2619 320 2717 lege
341 2619 507 2704 occurrit,
531 2640 596 2688 una
624 2630 753 2690 tantum
781 2616 953 2717 dispositio
979 2621 1014 2691 in
1044 2620 1075 2693 F
1074 2621 1176 2692 risio-

238 2781 325 2828 rrum
352 2756 426 2854 lege
450 2754 615 2842 occurrit,
653 2756 682 2826 si
713 2779 791 2828 eum
823 2756 928 2833 libera
957 2756 1082 2829 femina
1108 2759 1173 2832 ali-

228 2895 311 2994 quis
342 2892 481 2967 liberius
506 2896 612 2992 egerit
640 2891 716 2994 (r)
991 2886 993 2892 ’

283 3034 353 3109 Sed
367 3035 512 3134 ‘majoris
533 3036 635 3110 etiam
665 3048 713 3110 est
738 3037 925 3125 momenti,
948 3035 1041 3136 quod
1067 3036 1102 3106 in
1120 3035 1175 3104 le-

1130 3196 1174 3268 ge

234 3347 317 3386 uere,
343 3347 374 3385 ne
396 3329 492 3381 deinde
513 3330 619 3396 plurimi
639 3337 700 3382 eunt
717 3331 747 3381 in
763 3332 820 3398 lege
840 3330 979 3382 Frisonum
1001 3329 1072 3380 tituli
1090 3327 1123 3379 de
1144 3343 1174 3377 rs

236 3423 302 3476 uu·
322 3423 416 3489 gravig
438 3435 494 3470 uon
520 3426 606 3469 temen
628 3419 685 3483 plus
708 3436 784 3484 quum
805 3435 884 3469 uuum
903 3416 1042 3469 articulum
1069 3414 1102 3466 de
1121 3430 1174 3467 une

236 3525 316 3565 came
337 3508 464 3585 singrderi
484 3505 707 3573 comprehendes»
728 3515 757 3557 ut
778 3507 885 3557 omnino
907 3501 974 3557 mihi
993 3501 1099 3570 quidem
1112 3504 1176 3557 utic

234 3597 375 3667 probabile
393 3594 530 3658 videatur,
558 3602 602 3645 aut
615 3594 773 3662 singularum
792 3597 878 3661 legum
890 3601 979 3662 postea
999 3592 1101 3647 domm
1114 3596 1174 3648 fec·

233 3697 290 3743 tam
316 3685 526 3754 compilationem
555 3696 619 3734 esse.

279 3778 331 3850 (r)
354 3778 418 3833 rid.
439 3776 497 3830 Lex
519 3776 639 3832 misina.
659 3775 716 3829 Tit.
736 3775 840 3829 XXII.
862 3776 889 3847 §0
911 3775 963 3836 8⁸,
985 3784 1015 3830 ot
1034 3775 1079 3847 891
