2828 4964
236 284 302 417 rsa
444 327 683 410 sensuras
704 322 972 406 ruamrcuu

206 508 337 616 ¹veluti
377 563 504 639 aquae,
535 534 642 634 ignis,
679 532 758 606 ferri
789 531 979 622 candentis,
1015 542 1049 606 et
1082 531 1178 633 aliae

229 678 391 778 paulatim
419 677 457 748 in
485 671 742 748 desuetudinem
774 672 959 760 venerint,
989 669 1042 744 rel
1066 668 1174 743 adhi-

231 815 321 905 bitae
346 814 506 888 duntaxat
536 812 679 898 fuerint,
703 808 731 880 si
758 806 801 879 de
825 806 1021 880 homiuibus
1041 807 1180 914 servitis

230 953 450 1054 infirmaeque
473 948 676 1027 conditionis
712 946 862 1048 quaestio
894 958 1002 1035 esset,
1044 946 1176 1048 quibus

232 1093 282 1167 irs
307 1117 374 1164 non
408 1103 477 1162 erat
502 1088 604 1161 armis
630 1088 665 1159 in
696 1111 815 1184 campo
846 1109 999 1184 pugnare
1028 1083 1045 1184 (
1059 1082 1123 1180 r).

237 1282 242 1291 .
281 1231 392 1330 Atque
407 1228 465 1301 ille
481 1225 623 1328 quidem
638 1249 720 1298 usus
744 1221 830 1296 odeo
845 1222 1007 1323 generalis
1018 1221 1107 1313 fuit,
1127 1234 1172 1296 ut

238 1393 352 1468 quosa
363 1390 494 1466 pugnas
507 1391 627 1453 sexus,
642 1361 823 1452 valetudo,
837 1373 947 1452 aetas,
958 1360 1063 1434 decus
1073 1386 1178 1434 eree-

235 1520 310 1585 rent
317 1505 445 1597 ‚veluti
453 1501 810 1592 mulieres,clerici,ii
818 1497 980 1573 deberent
990 1498 1181 1575 advocato-

237 1671 313 1718 ram
338 1670 397 1716 seu
419 1654 710 1742 propugnatorum
729 1664 867 1740 operam
884 1637 921 1711 in
943 1636 1079 1735 judiciis
1111 1637 1180 1714 ad·-

236 1780 368 1872 hibere,
401 1782 463 1881 qui
498 1779 602 1853 animi
632 1779 757 1855 rirtme
769 1827 782 1866 ,
819 1777 891 1852 sive
919 1777 1059 1876 praemii
1091 1801 1178 1876 spe,

233 1942 296 2019 pro
322 1918 364 1989 iis
387 1928 558 1990 certamen
589 1916 722 1990 inirent.
772 1914 931 2007 Quamvis
958 1915 1048 1986 euim
1077 1941 1174 1987 non..

235 2055 321 2131 uulli
353 2053 521 2154 principes
558 2052 724 2151 judicialis
761 2051 950 2128 certaminis
972 2050 1175 2151 injustitiam

234 2193 340 2295 probe
351 2205 506 2282 nossent,
528 2190 616 2266 illud
633 2190 744 2265 tamea
754 2203 900 2282 vetare,
921 2205 959 2266 ut
975 2192 1084 2292 inquit
1098 2193 1176 2267 Rex

233 2354 523 2419 murroneunns,
546 2342 683 2427 propter
702 2328 981 2404 consuetudinem
1017 2333 1178 2431 gentium

235 2495 393 2556 suarum,
405 2465 588 2568 nequibant
601 2466 617 2567 (
631 2463 687 2565 2).
707 2471 778 2543 Nec
795 2467 840 2542 ad
854 2469 953 2568 illum
967 2471 1178 2543 confirmari..

235 2605 319 2680 dum
334 2603 476 2678 modum
483 2631 607 2707 perum
620 2618 701 2681 tuac
722 2608 868 2709 vulgaris
887 2610 1003 2709 opinio
1022 2609 1174 2702 valebat,

235 2745 349 2835 Deum
374 2744 582 2823 innocentiae
611 2756 807 2844 pauonum,
836 2748 1001 2823 scelerum
1035 2774 1177 2852 quoque

235 2879 421 2968 uindicem,
461 2881 512 2954 itti
534 2882 710 2957 victoriam
741 2885 777 2958 in
802 2883 952 2984 judiciali
982 2889 1171 2965 certamine

236 3017 492 3106 attributum,
521 3019 582 3116 qui
609 3017 733 3094 bonam
758 3021 899 3100 heberet
920 3051 1066 3104 causam.
1108 3031 1177 3103 At-

238 3186 304 3262 que
316 3172 350 3232 et
364 3157 442 3230 hinc
451 3159 576 3237 fectum
599 3173 668 3248 est,
691 3176 729 3234 ut
745 3159 899 3260 judiciale
918 3176 1089 3240 certamen
1104 3168 1179 3244 Dei

236 3298 368 3400 judiciis
381 3309 606 3369 accenseretur
621 3295 637 3396 (
647 3294 708 3398 5).
737 3299 916 3375 Caeterum
932 3303 1054 3404 plures
1078 3320 1173 3383 erent

1096 3473 1181 3565 ΡΨ

281 3571 332 3659 (a)
352 3578 520 3630 nonnnnsoa
538 3572 558 3636 l.
569 3572 590 3632 l.
608 3592 638 3646 p.
659 3591 717 3645 ¹⁰9·

281 3671 334 3733 (α)
353 3669 418 3735 Leg.
436 3665 555 3735 longob.
567 3664 618 3719 ⁴5.
639 3665 703 3718 Lib.
723 3665 748 3719 θ.
1045 3724 1047 3728 ,
1159 3725 1162 3730 ,

282 3753 826 3840 (5)P.,neruuurl31.cartag.²
880 3743 881 3746 ¹
920 3826 923 3831 Ι
961 3820 966 3834 ,
