<?xml version="1.0" encoding="UTF-8"?>
<!DOCTYPE html PUBLIC "-//W3C//DTD XHTML 1.0 Transitional//EN"
    "http://www.w3.org/TR/xhtml1/DTD/xhtml1-transitional.dtd">
<html xmlns="http://www.w3.org/1999/xhtml" xml:lang="en" lang="en">
 <head>
  <title>
</title>
<meta http-equiv="Content-Type" content="text/html;charset=utf-8" />
  <meta name='ocr-system' content='tesseract 3.04.00' />
  <meta name='ocr-capabilities' content='ocr_page ocr_carea ocr_par ocr_line ocrx_word'/>
</head>
<body>
  <div class='ocr_page' id='page_1' title='image "./specimenjuridic00unkngoog_0150.png"; bbox 0 0 2828 4964; ppageno 0'>
   <div class='ocr_carea' id='block_1_1' title="bbox 317 300 1016 456">
    <p class='ocr_par' dir='ltr' id='par_1_1' title="bbox 317 300 1016 456">
     <span class='ocr_line' id='line_1_1' title="bbox 317 300 1016 456; baseline -0.001 -24"><span class='ocrx_word' id='word_1_1' title='bbox 317 300 739 437; x_wconf 77' lang='lat' dir='ltr'><strong>xaaoeuaann</strong></span> <span class='ocrx_word' id='word_1_2' title='bbox 943 376 1016 456; x_wconf 62' lang='grc' dir='ltr'><strong>υς</strong></span> 
     </span>
    </p>
   </div>
   <div class='ocr_carea' id='block_1_2' title="bbox 25 559 1008 2323">
    <p class='ocr_par' dir='ltr' id='par_1_2' title="bbox 60 559 1008 938">
     <span class='ocr_line' id='line_1_2' title="bbox 61 559 1008 662; baseline 0.006 -30"><span class='ocrx_word' id='word_1_3' title='bbox 61 559 147 646; x_wconf 90' lang='lat' dir='ltr'><strong>dem</strong></span> <span class='ocrx_word' id='word_1_4' title='bbox 155 598 170 651; x_wconf 46' lang='lat'><strong>‚⁴</strong></span> <span class='ocrx_word' id='word_1_5' title='bbox 190 571 257 650; x_wconf 83' lang='lat' dir='ltr'><strong>ut,</strong></span> <span class='ocrx_word' id='word_1_6' title='bbox 282 586 368 661; x_wconf 89' lang='lat' dir='ltr'><strong>quae</strong></span> <span class='ocrx_word' id='word_1_7' title='bbox 390 562 652 662; x_wconf 78' lang='lat' dir='ltr'><strong>promulgationi</strong></span> <span class='ocrx_word' id='word_1_8' title='bbox 672 559 723 634; x_wconf 94' lang='lat' dir='ltr'><strong>illi</strong></span> <span class='ocrx_word' id='word_1_9' title='bbox 752 585 789 633; x_wconf 87' lang='lat' dir='ltr'><strong>se</strong></span> <span class='ocrx_word' id='word_1_10' title='bbox 812 560 1008 638; x_wconf 65' lang='lat' dir='ltr'><strong>obinobe-</strong></span> 
     </span>
     <span class='ocr_line' id='line_1_3' title="bbox 60 696 1004 799; baseline 0.005 -27"><span class='ocrx_word' id='word_1_11' title='bbox 60 725 102 772; x_wconf 87' lang='lat' dir='ltr'><strong>re</strong></span> <span class='ocrx_word' id='word_1_12' title='bbox 123 696 328 771; x_wconf 81' lang='lat' dir='ltr'><strong>conabantur</strong></span> <span class='ocrx_word' id='word_1_13' title='bbox 346 699 419 772; x_wconf 83' lang='lat' dir='ltr'><strong>loca</strong></span> <span class='ocrx_word' id='word_1_14' title='bbox 450 699 629 789; x_wconf 85' lang='lat' dir='ltr'><strong>nonnulla,</strong></span> <span class='ocrx_word' id='word_1_15' title='bbox 652 697 753 772; x_wconf 88' lang='lat' dir='ltr'><strong>minis</strong></span> <span class='ocrx_word' id='word_1_16' title='bbox 778 697 823 773; x_wconf 90' lang='lat' dir='ltr'><strong>ad</strong></span> <span class='ocrx_word' id='word_1_17' title='bbox 846 703 1004 799; x_wconf 83' lang='lat' dir='ltr'><strong>promul-</strong></span> 
     </span>
     <span class='ocr_line' id='line_1_4' title="bbox 62 834 1004 938; baseline 0.005 -30"><span class='ocrx_word' id='word_1_18' title='bbox 62 834 210 938; x_wconf 85' lang='lat' dir='ltr'><strong>gandam</strong></span> <span class='ocrx_word' id='word_1_19' title='bbox 231 837 343 934; x_wconf 87' lang='lat' dir='ltr'><strong>legem</strong></span> <span class='ocrx_word' id='word_1_20' title='bbox 366 849 565 937; x_wconf 81' lang='lat' dir='ltr'>cogerentur</span> <span class='ocrx_word' id='word_1_21' title='bbox 588 834 674 936; x_wconf 91' lang='lat'><strong>(1).</strong></span> <span class='ocrx_word' id='word_1_22' title='bbox 708 838 834 936; x_wconf 84' lang='lat' dir='ltr'><strong>Neque</strong></span> <span class='ocrx_word' id='word_1_23' title='bbox 860 836 1004 915; x_wconf 87' lang='lat' dir='ltr'><strong>dubium</strong></span> 
     </span>
    </p>

    <p class='ocr_par' dir='ltr' id='par_1_3' title="bbox 25 974 1008 2323">
     <span class='ocr_line' id='line_1_5' title="bbox 25 974 1004 1076; baseline 0.002 -27"><span class='ocrx_word' id='word_1_24' title='bbox 25 1042 33 1049; x_wconf 95' lang='lat'>.</span> <span class='ocrx_word' id='word_1_25' title='bbox 61 974 148 1048; x_wconf 90' lang='lat' dir='ltr'><strong>mihi</strong></span> <span class='ocrx_word' id='word_1_26' title='bbox 174 974 315 1075; x_wconf 86' lang='lat' dir='ltr'><strong>quidem</strong></span> <span class='ocrx_word' id='word_1_27' title='bbox 336 976 492 1066; x_wconf 81' lang='lat' dir='ltr'><strong>videtur,</strong></span> <span class='ocrx_word' id='word_1_28' title='bbox 516 975 600 1076; x_wconf 91' lang='lat' dir='ltr'><strong>quin</strong></span> <span class='ocrx_word' id='word_1_29' title='bbox 621 975 657 1048; x_wconf 94' lang='lat' dir='ltr'><strong>in</strong></span> <span class='ocrx_word' id='word_1_30' title='bbox 687 975 743 1049; x_wconf 85' lang='lat' dir='ltr'><strong>tali</strong></span> <span class='ocrx_word' id='word_1_31' title='bbox 779 1001 893 1049; x_wconf 87' lang='lat' dir='ltr'><strong>rerum</strong></span> <span class='ocrx_word' id='word_1_32' title='bbox 918 991 1004 1051; x_wconf 88' lang='lat' dir='ltr'><strong>eon-</strong></span> 
     </span>
     <span class='ocr_line' id='line_1_6' title="bbox 62 1110 1008 1215; baseline 0.003 -29"><span class='ocrx_word' id='word_1_33' title='bbox 62 1110 191 1207; x_wconf 82' lang='lat' dir='ltr'><strong>ditione</strong></span> <span class='ocrx_word' id='word_1_34' title='bbox 209 1112 425 1213; x_wconf 81' lang='lat' dir='ltr'><strong>praeferenda</strong></span> <span class='ocrx_word' id='word_1_35' title='bbox 457 1114 501 1187; x_wconf 88' lang='lat' dir='ltr'><strong>sit</strong></span> <span class='ocrx_word' id='word_1_36' title='bbox 514 1116 687 1215; x_wconf 83' lang='lat' dir='ltr'><strong>oppositae</strong></span> <span class='ocrx_word' id='word_1_37' title='bbox 708 1113 878 1189; x_wconf 81' lang='lat' dir='ltr'><strong>doctiinae</strong></span> <span class='ocrx_word' id='word_1_38' title='bbox 905 1139 1008 1214; x_wconf 85' lang='lat' dir='ltr'><strong>prae-</strong></span> 
     </span>
     <span class='ocr_line' id='line_1_7' title="bbox 64 1252 1005 1353; baseline 0.007 -28"><span class='ocrx_word' id='word_1_39' title='bbox 64 1253 216 1345; x_wconf 78' lang='lat' dir='ltr'><strong>sumti03</strong></span> <span class='ocrx_word' id='word_1_40' title='bbox 259 1264 294 1325; x_wconf 85' lang='lat' dir='ltr'><strong>et</strong></span> <span class='ocrx_word' id='word_1_41' title='bbox 332 1253 368 1324; x_wconf 92' lang='lat' dir='ltr'><strong>in</strong></span> <span class='ocrx_word' id='word_1_42' title='bbox 413 1253 551 1325; x_wconf 86' lang='lat' dir='ltr'><strong>caeteris</strong></span> <span class='ocrx_word' id='word_1_43' title='bbox 584 1252 667 1326; x_wconf 89' lang='lat' dir='ltr'><strong>locis</strong></span> <span class='ocrx_word' id='word_1_44' title='bbox 696 1254 1005 1353; x_wconf 82' lang='lat' dir='ltr'><strong>promulgationem</strong></span> 
     </span>
     <span class='ocr_line' id='line_1_8' title="bbox 65 1388 1005 1492; baseline 0.002 -27"><span class='ocrx_word' id='word_1_45' title='bbox 65 1392 191 1465; x_wconf 81' lang='lat' dir='ltr'><strong>factam</strong></span> <span class='ocrx_word' id='word_1_46' title='bbox 222 1393 348 1483; x_wconf 85' lang='lat' dir='ltr'><strong>fuisse,</strong></span> <span class='ocrx_word' id='word_1_47' title='bbox 371 1388 536 1492; x_wconf 81' lang='lat' dir='ltr'><strong>quamdiu</strong></span> <span class='ocrx_word' id='word_1_48' title='bbox 565 1389 609 1462; x_wconf 89' lang='lat' dir='ltr'><strong>de</strong></span> <span class='ocrx_word' id='word_1_49' title='bbox 641 1393 804 1465; x_wconf 71' lang='lat' dir='ltr'><strong>contrado</strong></span> <span class='ocrx_word' id='word_1_50' title='bbox 842 1418 910 1466; x_wconf 92' lang='lat' dir='ltr'><strong>non</strong></span> <span class='ocrx_word' id='word_1_51' title='bbox 942 1417 1005 1468; x_wconf 76' lang='lat' dir='ltr'><strong>ex-¹</strong></span> 
     </span>
     <span class='ocr_line' id='line_1_9' title="bbox 66 1527 1005 1630; baseline 0.004 -29"><span class='ocrx_word' id='word_1_52' title='bbox 66 1553 184 1630; x_wconf 86' lang='lat' dir='ltr'><strong>presse</strong></span> <span class='ocrx_word' id='word_1_53' title='bbox 201 1542 330 1603; x_wconf 86' lang='lat' dir='ltr'><strong>constet</strong></span> <span class='ocrx_word' id='word_1_54' title='bbox 337 1556 348 1622; x_wconf 92' lang='lat'>;</span> <span class='ocrx_word' id='word_1_55' title='bbox 372 1528 496 1628; x_wconf 88' lang='lat' dir='ltr'><strong>quibus</strong></span> <span class='ocrx_word' id='word_1_56' title='bbox 522 1528 652 1602; x_wconf 88' lang='lat' dir='ltr'><strong>accedit</strong></span> <span class='ocrx_word' id='word_1_57' title='bbox 672 1527 829 1619; x_wconf 88' lang='lat' dir='ltr'><strong>tandem,</strong></span> <span class='ocrx_word' id='word_1_58' title='bbox 852 1530 886 1603; x_wconf 92' lang='lat' dir='ltr'><strong>in</strong></span> <span class='ocrx_word' id='word_1_59' title='bbox 911 1533 1005 1630; x_wconf 71' lang='lat' dir='ltr'><strong>eJus-</strong></span> 
     </span>
     <span class='ocr_line' id='line_1_10' title="bbox 64 1665 1007 1757; baseline 0.002 -17"><span class='ocrx_word' id='word_1_60' title='bbox 64 1666 160 1741; x_wconf 90' lang='lat' dir='ltr'><strong>modi</strong></span> <span class='ocrx_word' id='word_1_61' title='bbox 187 1694 284 1741; x_wconf 87' lang='lat' dir='ltr'><strong>causa</strong></span> <span class='ocrx_word' id='word_1_62' title='bbox 307 1665 492 1740; x_wconf 89' lang='lat' dir='ltr'><strong>admodum</strong></span> <span class='ocrx_word' id='word_1_63' title='bbox 517 1665 660 1741; x_wconf 90' lang='lat' dir='ltr'><strong>dubium</strong></span> <span class='ocrx_word' id='word_1_64' title='bbox 686 1690 784 1757; x_wconf 86' lang='lat' dir='ltr'><strong>esse,</strong></span> <span class='ocrx_word' id='word_1_65' title='bbox 804 1680 918 1741; x_wconf 83' lang='lat' dir='ltr'><strong>utrum</strong></span> <span class='ocrx_word' id='word_1_66' title='bbox 946 1668 1007 1742; x_wconf 81' lang='lat' dir='ltr'><strong>in·</strong></span> 
     </span>
     <span class='ocr_line' id='line_1_11' title="bbox 64 1806 1005 1909; baseline 0.002 -29"><span class='ocrx_word' id='word_1_67' title='bbox 64 1808 196 1880; x_wconf 73' lang='lat' dir='ltr'><strong>senioris</strong></span> <span class='ocrx_word' id='word_1_68' title='bbox 228 1807 367 1905; x_wconf 88' lang='lat' dir='ltr'><strong>alicujus</strong></span> <span class='ocrx_word' id='word_1_69' title='bbox 412 1807 623 1908; x_wconf 83' lang='lat' dir='ltr'><strong>magistratus</strong></span> <span class='ocrx_word' id='word_1_70' title='bbox 672 1806 878 1909; x_wconf 82' lang='lat' dir='ltr'><strong>negligentia</strong></span> <span class='ocrx_word' id='word_1_71' title='bbox 922 1825 1005 1882; x_wconf 84' lang='lat' dir='ltr'><strong>nm·</strong></span> 
     </span>
     <span class='ocr_line' id='line_1_12' title="bbox 64 1945 1004 2045; baseline 0.005 -28"><span class='ocrx_word' id='word_1_72' title='bbox 64 1969 168 2045; x_wconf 88' lang='lat' dir='ltr'><strong>quam</strong></span> <span class='ocrx_word' id='word_1_73' title='bbox 204 1945 290 2019; x_wconf 89' lang='lat' dir='ltr'><strong>effici</strong></span> <span class='ocrx_word' id='word_1_74' title='bbox 313 1947 480 2045; x_wconf 87' lang='lat' dir='ltr'><strong>potuerit,</strong></span> <span class='ocrx_word' id='word_1_75' title='bbox 511 1960 551 2019; x_wconf 92' lang='lat' dir='ltr'><strong>ut</strong></span> <span class='ocrx_word' id='word_1_76' title='bbox 575 1945 697 2020; x_wconf 85' lang='lat' dir='ltr'><strong>effectu</strong></span> <span class='ocrx_word' id='word_1_77' title='bbox 728 1971 789 2019; x_wconf 90' lang='lat' dir='ltr'><strong>suo</strong></span> <span class='ocrx_word' id='word_1_78' title='bbox 815 1958 925 2020; x_wconf 87' lang='lat' dir='ltr'><strong>careat</strong></span> <span class='ocrx_word' id='word_1_79' title='bbox 948 1946 1004 2023; x_wconf 81' lang='lat' dir='ltr'><strong>lex</strong></span> 
     </span>
     <span class='ocr_line' id='line_1_13' title="bbox 63 2080 1006 2182; baseline 0 -28"><span class='ocrx_word' id='word_1_80' title='bbox 63 2084 247 2182; x_wconf 87' lang='lat' dir='ltr'><strong>generalis,</strong></span> <span class='ocrx_word' id='word_1_81' title='bbox 272 2082 430 2152; x_wconf 84' lang='lat' dir='ltr'><strong>omnibus</strong></span> <span class='ocrx_word' id='word_1_82' title='bbox 453 2082 605 2178; x_wconf 88' lang='lat' dir='ltr'><strong>oognita,</strong></span> <span class='ocrx_word' id='word_1_83' title='bbox 628 2093 664 2154; x_wconf 88' lang='lat' dir='ltr'><strong>et</strong></span> <span class='ocrx_word' id='word_1_84' title='bbox 680 2080 724 2150; x_wconf 84' lang='lat' dir='ltr'><strong>ab</strong></span> <span class='ocrx_word' id='word_1_85' title='bbox 746 2082 934 2178; x_wconf 83' lang='lat' dir='ltr'><strong>imperante</strong></span> <span class='ocrx_word' id='word_1_86' title='bbox 949 2082 1006 2159; x_wconf 63' lang='lat' dir='ltr'><strong>le-</strong></span> 
     </span>
     <span class='ocr_line' id='line_1_14' title="bbox 64 2183 856 2323; baseline -0.003 -31"><span class='ocrx_word' id='word_1_87' title='bbox 64 2220 187 2323; x_wconf 83' lang='lat' dir='ltr'><strong>gitimo</strong></span> <span class='ocrx_word' id='word_1_88' title='bbox 210 2218 374 2317; x_wconf 80' lang='lat' dir='ltr'><strong>profecta.</strong></span> <span class='ocrx_word' id='word_1_89' title='bbox 848 2183 856 2192; x_wconf 88' lang='lat'>.</span> 
     </span>
    </p>
   </div>
   <div class='ocr_carea' id='block_1_3' title="bbox 480 2447 596 2548">
    <p class='ocr_par' dir='ltr' id='par_1_4' title="bbox 480 2447 596 2548">
     <span class='ocr_line' id='line_1_15' title="bbox 480 2447 596 2548; baseline 0.034 -22"><span class='ocrx_word' id='word_1_90' title='bbox 480 2447 512 2548; x_wconf 69' lang='lat' dir='ltr'><strong>a.</strong></span> <span class='ocrx_word' id='word_1_91' title='bbox 559 2451 596 2530; x_wconf 73' lang='lat' dir='ltr'><strong>a.</strong></span> 
     </span>
    </p>
   </div>
   <div class='ocr_carea' id='block_1_4' title="bbox 108 2685 958 2922">
    <p class='ocr_par' dir='ltr' id='par_1_5' title="bbox 108 2685 958 2922">
     <span class='ocr_line' id='line_1_16' title="bbox 108 2685 958 2786; baseline 0.005 -28"><span class='ocrx_word' id='word_1_92' title='bbox 108 2689 169 2758; x_wconf 85' lang='lat' dir='ltr'><strong>De</strong></span> <span class='ocrx_word' id='word_1_93' title='bbox 196 2687 448 2780; x_wconf 69' lang='lat' dir='ltr'><strong>argumentis,</strong></span> <span class='ocrx_word' id='word_1_94' title='bbox 471 2685 603 2780; x_wconf 80' lang='lat' dir='ltr'><strong>quibua</strong></span> <span class='ocrx_word' id='word_1_95' title='bbox 622 2686 697 2761; x_wconf 82' lang='lat' dir='ltr'><strong>vim</strong></span> <span class='ocrx_word' id='word_1_96' title='bbox 706 2690 815 2782; x_wconf 78' lang='lat' dir='ltr'><strong>juria</strong></span> <span class='ocrx_word' id='word_1_97' title='bbox 831 2691 958 2786; x_wconf 63' lang='lat' dir='ltr'><strong>scrip!</strong></span> 
     </span>
     <span class='ocr_line' id='line_1_17' title="bbox 155 2825 910 2922; baseline 0.008 -24"><span class='ocrx_word' id='word_1_98' title='bbox 155 2827 187 2898; x_wconf 83' lang='lat' dir='ltr'><strong>ti</strong></span> <span class='ocrx_word' id='word_1_99' title='bbox 214 2825 517 2898; x_wconf 54' lang='lat' dir='ltr'><strong>odinationibus</strong></span> <span class='ocrx_word' id='word_1_100' title='bbox 537 2828 764 2922; x_wconf 70' lang='lat' dir='ltr'><strong>Philippicis</strong></span> <span class='ocrx_word' id='word_1_101' title='bbox 795 2830 910 2903; x_wconf 80' lang='lat' dir='ltr'><strong>abne·</strong></span> 
     </span>
    </p>
   </div>
   <div class='ocr_carea' id='block_1_5' title="bbox 347 2969 695 3061">
    <p class='ocr_par' dir='ltr' id='par_1_6' title="bbox 347 2969 695 3061">
     <span class='ocr_line' id='line_1_18' title="bbox 347 2969 695 3061; baseline 0.009 -25"><span class='ocrx_word' id='word_1_102' title='bbox 347 2979 493 3061; x_wconf 73' lang='lat' dir='ltr'><strong>garuni</strong></span> <span class='ocrx_word' id='word_1_103' title='bbox 517 2969 695 3047; x_wconf 84' lang='lat' dir='ltr'><strong>nonnulli.</strong></span> 
     </span>
    </p>
   </div>
   <div class='ocr_carea' id='block_1_6' title="bbox 53 3199 1002 3442">
    <p class='ocr_par' dir='ltr' id='par_1_7' title="bbox 53 3199 1002 3442">
     <span class='ocr_line' id='line_1_19' title="bbox 106 3199 1002 3306; baseline -0.008 -30"><span class='ocrx_word' id='word_1_104' title='bbox 106 3201 174 3277; x_wconf 88' lang='lat' dir='ltr'><strong>Sed</strong></span> <span class='ocrx_word' id='word_1_105' title='bbox 201 3199 284 3278; x_wconf 87' lang='lat' dir='ltr'><strong>haec</strong></span> <span class='ocrx_word' id='word_1_106' title='bbox 308 3203 450 3301; x_wconf 89' lang='lat' dir='ltr'><strong>quidem</strong></span> <span class='ocrx_word' id='word_1_107' title='bbox 479 3205 529 3277; x_wconf 89' lang='lat' dir='ltr'><strong>uti</strong></span> <span class='ocrx_word' id='word_1_108' title='bbox 552 3215 752 3305; x_wconf 83' lang='lat' dir='ltr'><strong>argumenta</strong></span> <span class='ocrx_word' id='word_1_109' title='bbox 783 3216 882 3299; x_wconf 77' lang='lat' dir='ltr'><strong>nant,</strong></span> <span class='ocrx_word' id='word_1_110' title='bbox 920 3207 1002 3306; x_wconf 83' lang='lat' dir='ltr'><strong>qui.-</strong></span> 
     </span>
     <span class='ocr_line' id='line_1_20' title="bbox 53 3340 1001 3442; baseline 0.004 -30"><span class='ocrx_word' id='word_1_111' title='bbox 53 3340 122 3413; x_wconf 89' lang='lat' dir='ltr'><strong>bus</strong></span> <span class='ocrx_word' id='word_1_112' title='bbox 160 3355 271 3412; x_wconf 85' lang='lat' dir='ltr'><strong>nostra</strong></span> <span class='ocrx_word' id='word_1_113' title='bbox 294 3341 411 3412; x_wconf 88' lang='lat' dir='ltr'><strong>nititur</strong></span> <span class='ocrx_word' id='word_1_114' title='bbox 429 3343 614 3430; x_wconf 83' lang='lat' dir='ltr'><strong>sententia,</strong></span> <span class='ocrx_word' id='word_1_115' title='bbox 637 3344 683 3415; x_wconf 92' lang='lat' dir='ltr'><strong>ita</strong></span> <span class='ocrx_word' id='word_1_116' title='bbox 705 3355 746 3414; x_wconf 87' lang='lat' dir='ltr'><strong>ut</strong></span> <span class='ocrx_word' id='word_1_117' title='bbox 771 3344 888 3442; x_wconf 84' lang='lat' dir='ltr'><strong>paucis</strong></span> <span class='ocrx_word' id='word_1_118' title='bbox 909 3368 1001 3418; x_wconf 81' lang='lat' dir='ltr'><strong>nune</strong></span> 
     </span>
    </p>
   </div>
   <div class='ocr_carea' id='block_1_7' title="bbox 958 3478 1015 3554">
    <p class='ocr_par' dir='ltr' id='par_1_8' title="bbox 958 3478 1015 3554">
     <span class='ocr_line' id='line_1_21' title="bbox 958 3478 1015 3554; baseline 0.035 -2"><span class='ocrx_word' id='word_1_119' title='bbox 958 3478 1015 3554; x_wconf 76' lang='lat' dir='ltr'><strong>de</strong></span> 
     </span>
    </p>
   </div>
   <div class='ocr_carea' id='block_1_8' title="bbox 44 3589 1001 3845">
    <p class='ocr_par' dir='ltr' id='par_1_9' title="bbox 44 3589 1001 3845">
     <span class='ocr_line' id='line_1_22' title="bbox 99 3589 1001 3679; baseline -0.001 -35"><span class='ocrx_word' id='word_1_120' title='bbox 99 3592 218 3663; x_wconf 65' lang='lat' dir='ltr'>(1)OE</span> <span class='ocrx_word' id='word_1_121' title='bbox 246 3607 268 3650; x_wconf 76' lang='lat'><strong>³.</strong></span> <span class='ocrx_word' id='word_1_122' title='bbox 289 3601 464 3644; x_wconf 65' lang='lat' dir='ltr'><strong>nuttam</strong></span> <span class='ocrx_word' id='word_1_123' title='bbox 484 3591 514 3644; x_wconf 90' lang='lat' dir='ltr'><strong>in</strong></span> <span class='ocrx_word' id='word_1_124' title='bbox 539 3589 611 3644; x_wconf 76' lang='lat' dir='ltr'><strong>Diae.</strong></span> <span class='ocrx_word' id='word_1_125' title='bbox 638 3595 725 3662; x_wconf 79' lang='lat' dir='ltr'><strong>inaug.</strong></span> <span class='ocrx_word' id='word_1_126' title='bbox 747 3593 853 3648; x_wconf 75' lang='lat' dir='ltr'><strong>uiolento</strong></span> <span class='ocrx_word' id='word_1_127' title='bbox 878 3593 1001 3679; x_wconf 74' lang='lat' dir='ltr'><strong>animad-</strong></span> 
     </span>
     <span class='ocr_line' id='line_1_23' title="bbox 44 3681 997 3757; baseline 0.006 -26"><span class='ocrx_word' id='word_1_128' title='bbox 44 3683 194 3746; x_wconf 47' lang='lat' dir='ltr'><strong>„veraionea</strong></span> <span class='ocrx_word' id='word_1_129' title='bbox 220 3683 294 3738; x_wconf 61' lang='lat' dir='ltr'><strong>adt</strong></span> <span class='ocrx_word' id='word_1_130' title='bbox 317 3681 421 3755; x_wconf 74' lang='lat' dir='ltr'><strong>priore·</strong></span> <span class='ocrx_word' id='word_1_131' title='bbox 434 3685 503 3751; x_wconf 61' lang='lat' dir='ltr'><strong>m·</strong></span> <span class='ocrx_word' id='word_1_132' title='bbox 525 3682 594 3737; x_wconf 81' lang='lat' dir='ltr'><strong>Ord·</strong></span> <span class='ocrx_word' id='word_1_133' title='bbox 619 3682 703 3742; x_wconf 81' lang='lat' dir='ltr'><strong>crim.</strong></span> <span class='ocrx_word' id='word_1_134' title='bbox 725 3685 851 3756; x_wconf 51' lang='lat' dir='ltr'><strong>uomet.</strong></span> <span class='ocrx_word' id='word_1_135' title='bbox 877 3684 997 3757; x_wconf 57' lang='lat' dir='ltr'><strong>Trajan</strong></span> 
     </span>
     <span class='ocr_line' id='line_1_24' title="bbox 55 3771 950 3845; baseline 0.001 -23"><span class='ocrx_word' id='word_1_136' title='bbox 55 3771 115 3832; x_wconf 72' lang='grc' dir='ltr'><strong>Λο.</strong></span> <span class='ocrx_word' id='word_1_137' title='bbox 136 3771 212 3845; x_wconf 73' lang='lat'><strong>178⁸.</strong></span> <span class='ocrx_word' id='word_1_138' title='bbox 942 3772 950 3795; x_wconf 90' lang='lat'><strong>·&#39;</strong></span> 
     </span>
    </p>
   </div>
   <div class='ocr_carea' id='block_1_9' title="bbox 0 0 1423 4964">
    <p class='ocr_par' dir='ltr' id='par_1_10' title="bbox 0 0 1423 4964">
     <span class='ocr_line' id='line_1_25' title="bbox 0 0 1423 4964; baseline 0 0"><span class='ocrx_word' id='word_1_139' title='bbox 0 0 1423 4964; x_wconf 95' lang='lat' dir='ltr'><strong> </strong></span> 
     </span>
    </p>
   </div>
  </div>
 </body>
</html>
