2828 4964
496 360 912 442 maecenate.
1132 368 1177 463 75

232 566 276 641 tis
304 589 422 662 graves
457 533 690 650 inveniamus,
716 589 836 639 venun
852 567 962 638 'etiam
978 568 1169 669 'singularis

232 707 320 779 aden
346 708 463 781 titulus
494 719 642 781 occurrat
671 705 713 778 de
737 729 851 776 mauu
881 706 1078 778 mulierum
1097 735 1169 780 non

232 845 472 939 stringenda,
504 845 689 919 secundum
720 845 911 944 quemqii
940 845 997 919 vel
1024 845 1169 943 digitum
1230 911 1233 919 .

232 984 378 1056 feminae
395 985 559 1085 ingenuae
573 983 777 1071 strinxisset,
788 981 874 1056 illud
886 1057 889 1062 ,
900 984 1041 1088 mulcta,
1064 985 1171 1059 mari·

233 1134 271 1196 to
292 1122 433 1213 luenda,
450 1149 652 1223 componere
679 1112 847 1220 obligetur
871 1119 966 1218 (1).

280 1237 351 1334 Sed
372 1261 455 1334 haec
481 1262 621 1363 quidem
642 1260 686 1333 de
707 1258 857 1347 delictis,
884 1261 1009 1360 quihus
1032 1262 1066 1333 in
1092 1263 1169 1361 lege

232 1396 340 1470 salica
356 1423 484 1495 poenae
508 1399 775 1486 constituuntur,
804 1399 894 1473 satis.
930 1400 1029 1490 Quod
1054 1415 1168 1476 autam

233 1533 277 1606 ad
298 1535 387 1633 ipsas
413 1560 539 1634 poenas
560 1537 700 1626 attinet,
717 1534 785 1608 duo
806 1537 974 1636 imprimis
996 1538 1079 1612 mihi
1102 1539 1170 1614 nb-

193 1762 195 1771 ,
232 1673 394 1749 servanda
441 1673 618 1764 videntum
666 1663 836 1773 piimum,
891 1701 961 1749 nnn
1008 1677 1167 1751 omnibus

231 1797 367 1885 ea'sdem
386 1837 511 1912 poenas
535 1812 657 1902 fuisse,
685 1811 807 1887 deinde
832 1839 931 1903 veno,
951 1817 991 1916 in
1006 1817 1167 1891 aestima-

229 1951 320 2025 tione
348 1973 542 2050 poenarnm
563 1953 685 2026 flustra
717 1965 848 2026 certum
880 1953 1019 2052 aliquod
1049 1957 1167 2056 quaeri

231 2091 448 2188 principium.

282 2226 385 2317 Quod
421 2227 525 2326 igitau
561 2220 712 2323 piimum
738 2221 1013 2320 inaequalitatem
1039 2249 1169 2324 poena-

233 2389 311 2438 mm
331 2363 467 2454 attinet,
491 2365 558 2459 jam
582 2360 869 2461 supradiximus,
892 2361 983 2461 apud
1002 2363 1169 2457 Francos,

234 2526 341 2602 aeque
379 2527 418 2575 ae
449 2500 541 2600 apud
576 2502 768 2592 Romanoa,
798 2501 845 2572 ita
877 2513 913 2575 et
942 2501 1032 2600 apud
1064 2501 1171 2577 Salios

234 2643 420 2714 maximum
437 2641 526 2712 inter
556 2639 682 2712 liberos
714 2653 748 2713 et
775 2664 846 2712 non
887 2640 1009 2714 liberos
1049 2640 1170 2715 discri-

232 2802 312 2855 men
341 2777 465 2867 fuisse,
495 2778 542 2850 ita
573 2775 731 2876 quidem,
754 2789 794 2851 ut
825 2803 893 2851 non
917 2791 1050 2853 tantum
1078 2781 1166 2856 servi

232 2915 468 3016 delinquentes
494 2917 629 3018 gnavius
664 2919 885 3016 punirentur,
916 2943 1036 2992 verum
1069 2918 1170 2992 etin

230 3081 289 3134 eos
315 3057 493 3130 commissa
534 3056 653 3130 delicta
693 3057 803 3130 multo
838 3056 970 3129 leviora
1003 3055 1170 3135 haheren-

228 3207 304 3282 tnr‚
333 3221 435 3296 quam
465 3193 590 3295 quibus
625 3194 722 3267 liberi
753 3193 908 3268 homines
940 3192 1170 3268 laedebantur.
1273 3195 1279 3206 ’

280 3335 398 3431 Neque
426 3345 540 3404 tamen
571 3331 657 3406 hanc
683 3333 789 3407 solam
817 3330 1088 3430 inaequalitatem
1114 3329 1171 3400 hic

1115 3467 1172 3539 in-

271 3602 323 3675 (1)
342 3575 406 3659 via
421 3601 466 3653 ux
488 3601 582 3653 aaziae
600 3601 656 3659 nu.
670 3599 712 3658 aa.
745 3599 802 3655 nna
815 3603 889 3682 ‚qun
903 3601 1086 3667 interpretatio
1100 3601 1169 3656 noc.

231 3693 325 3748 tissimi
333 3705 474 3744 wianunu
481 3690 652 3761 praeferenda
660 3690 694 3743 ait
701 3691 913 3761 interpretationi
924 3693 1170 3772 uetuluuhlnihi

231 3782 339 3855 quidem
358 3779 465 3845 dubium
484 3781 530 3839 vix
551 3778 665 3838 videtur.

730 3871 812 3947 Ka
