2828 4964
229 330 293 427 ι...
435 343 666 419 srnuueu
690 339 952 419 suumlcuu

230 590 372 665 tabatur.
429 589 524 681 Quae
567 588 720 688 probatio
767 589 867 664 etiam
906 586 1038 661 saeculo
1081 586 1176 667 XV.

234 743 269 801 et
288 729 377 803 xv1
404 729 440 802 in
471 754 534 801 usu
561 730 648 816 tuit,
678 727 757 829 quia
773 724 955 800 credebant
974 727 1189 824 sortilegos,

239 892 401 968 negasque
416 892 454 937 ea
473 866 616 938 discerni
647 891 686 937 ac
709 864 861 938 convinci
879 889 981 963 posse
1015 866 1031 967 (
1052 866 1107 965 ι).

282 1006 459 1078 Caeterum
476 1003 526 1076 his
539 1005 654 1076 affines
664 1002 881 1102 probationes
888 1028 951 1102 per
962 1030 1090 1106 aquam
1098 1009 1186 1083 nali.

237 1142 316 1217 dam
332 1141 349 1244 (
362 1168 380 1215 2
394 1139 456 1239 )et
463 1140 677 1241 probationes
684 1167 745 1241 per
755 1166 889 1216 crucem
904 1164 915 1216 t
939 1169 1082 1238 quarum
1095 1149 1185 1221 utu.

237 1309 294 1355 ma
325 1282 361 1355 in
391 1283 571 1356 Frisonum
597 1280 729 1379 legibus
759 1281 808 1352 sic
847 1281 1013 1382 descripta
1040 1287 1185 1360 inveni-

236 1424 348 1520 tur(3
363 1419 378 1517 )
392 1419 796 1517 :accusatus,praemisso
809 1435 1040 1512 sacramento,
1060 1423 1106 1496 ad
1125 1450 1186 1498 ee-

239 1561 373 1632 rJesiam
390 1557 589 1631 deserendus
598 1572 690 1647 erat,
704 1555 751 1630 ibi
770 1560 1000 1656 superaltare,
1026 1562 1082 1635 vel
1098 1563 1183 1636 foris

240 1723 341 1793 super
355 1722 462 1769 sacras
477 1696 652 1794 reliquias,
674 1694 743 1768 duo
759 1696 868 1795 lignea
879 1697 1067 1796 fragmenta
1079 1726 1183 1799 para·

240 1833 383 1922 bantur,
420 1806 460 1905 'et
487 1830 613 1904 munda
647 1834 723 1904 lana
763 1833 1049 1925 obvolvebantur,
1086 1863 1185 1938 quo·

136 1996 145 2005 ·
237 1997 317 2073 ‘rum
359 1970 454 2046 alteri
493 1995 575 2043 crux
614 1970 781 2069 insculpta
817 1985 884 2044 erat
924 1972 971 2071 (4
987 1967 1029 2067 );
1069 1973 1184 2048 inno-

238 2136 318 2185 cens
353 2135 458 2211 puer,
491 2123 548 2183 aut
574 2107 754 2210 presbyter
792 2079 909 2184 unum¹
926 2135 1004 2184 casu
1034 2111 1182 2189 tollebat

238 2228 280 2324 ex
307 2249 427 2347 ligneis
450 2249 663 2346 fragmentis:
700 2248 730 2320 si
767 2275 867 2323 cruce
897 2251 1068 2352 signatum
1097 2276 1182 2353 pre·-

237 2386 409 2460 hendisset
433 2387 575 2460 accusati
606 2387 820 2476 innocentia,
846 2389 899 2462 sin
922 2389 1072 2488 alterum
1101 2418 1182 2466 cru-

234 2528 282 2596 cis
305 2549 444 2630 expers,
476 2528 548 2623 ejus
580 2524 730 2628 nequitia
749 2539 837 2599 certa
856 2527 1070 2603 censebatur.
1118 2530 1182 2604 His

236 2664 338 2737 etiarn
379 2660 531 2736 addenda
569 2674 648 2736 sunt
681 2661 847 2760 judicium
881 2667 978 2765 panis
1011 2681 1047 2743 et
1082 2660 1175 2744 ¹casei

237 2814 272 2871 et
304 2802 367 2872 alia
402 2801 579 2898 ejusmodi.
608 2782 704 2902 (5).

284 2937 379 3012 Inter
414 2918 529 3010 omnia
567 2951 681 3011 autem
700 2991 712 3030 ,
733 2926 832 3042 *quae
860 2942 987 3043 judicia
1022 2947 1090 3024 Dei
1121 2947 1179 3022 di·

1107 3101 1177 3162 tem

275 3215 328 3282 (ι)
348 3211 391 3266 cf.
412 3213 435 3266 Ρ
456 3226 573 3269 assuatur(
579 3216 701 3270 Histoire
713 3219 831 3292 critique
847 3222 894 3275 dea
904 3223 1053 3296 pratiquee
1070 3242 1176 3297 supera-

242 3304 368 3367 titieusea
388 3303 450 3354 Lib.
468 3305 493 3359 4.
515 3305 581 3373 Cap.
603 3320 616 3356 1
649 3311 673 3376 5.
692 3307 718 3361 5.

274 3395 331 3464 (α)
349 3393 501 3447 Laanuul.
517 3392 537 3443 l.
555 3395 582 3444 0.
590 3394 613 3449 5.
628 3396 654 3464 §-
669 3396 706 3448 ιδ.
722 3397 834 3452 addatur
851 3413 979 3458 veturus
999 3404 1018 3457 ἱ.
1035 3405 1057 3458 1.
1067 3425 1098 3478 p.
1113 3407 1168 3479 47⁵·

272 3486 327 3558 (ὅ)
344 3484 435 3538 'ritulo
454 3487 487 3538 de
509 3487 626 3545 Homine
647 3485 679 3538 in
699 3488 782 3539 turba
798 3491 895 3544 occisa·
949 3528 961 3537 ·-

274 3577 327 3645 (4)
348 3574 391 3628 Cf.
417 3592 494 3645 quem
515 3574 566 3628 hoe
589 3577 651 3631 loeo
677 3577 807 3646 imprimis
827 3583 911 3637 securi
932 3601 1019 3639 sumus
1050 3600 1175 3649 usnam

235 3661 257 3716 1.
277 3664 296 3720 1.
319 3665 342 3721 ᾗ.
364 3679 403 3716 10.

277 3749 333 3818 (5)
352 3751 417 3807 Vid.
439 3765 629 3807 uunnroarus
653 3753 773 3809 Tora&
801 3758 874 3811 Diae·
897 3760 945 3813 38.
973 3774 1173 3831 murmuras

238 3839 373 3908 eapritdes
387 3841 447 3897 loia.
460 3844 519 3900 Liv.
529 3845 572 3896 28.
589 3847 617 3897 0.
633 3859 671 3910 17.
681 3853 834 3904 annuus
848 3849 879 3901 u,
889 3850 973 3922 Chap.
985 3855 1015 3907 I.
1031 3854 1083 3926 §.5
1093 3855 1174 3927 ,627-
