<?xml version="1.0" encoding="UTF-8"?>
<!DOCTYPE html PUBLIC "-//W3C//DTD XHTML 1.0 Transitional//EN"
    "http://www.w3.org/TR/xhtml1/DTD/xhtml1-transitional.dtd">
<html xmlns="http://www.w3.org/1999/xhtml" xml:lang="en" lang="en">
 <head>
  <title>
</title>
<meta http-equiv="Content-Type" content="text/html;charset=utf-8" />
  <meta name='ocr-system' content='tesseract 3.04.00' />
  <meta name='ocr-capabilities' content='ocr_page ocr_carea ocr_par ocr_line ocrx_word'/>
</head>
<body>
  <div class='ocr_page' id='page_1' title='image "./specimenjuridic00unkngoog_0029.png"; bbox 0 0 2828 4964; ppageno 0'>
   <div class='ocr_carea' id='block_1_1' title="bbox 269 340 997 433">
    <p class='ocr_par' dir='ltr' id='par_1_1' title="bbox 269 340 997 433">
     <span class='ocr_line' id='line_1_1' title="bbox 269 340 997 433; baseline -0.007 -11"><span class='ocrx_word' id='word_1_1' title='bbox 269 370 292 422; x_wconf 84' lang='lat'>2</span> <span class='ocrx_word' id='word_1_2' title='bbox 483 342 713 422; x_wconf 81' lang='lat' dir='ltr'>SPEClllEN</span> <span class='ocrx_word' id='word_1_3' title='bbox 736 340 997 433; x_wconf 71' lang='lat' dir='ltr'>tumultun</span> 
     </span>
    </p>
   </div>
   <div class='ocr_carea' id='block_1_2' title="bbox 280 541 1224 1618">
    <p class='ocr_par' dir='ltr' id='par_1_2' title="bbox 280 541 1224 1618">
     <span class='ocr_line' id='line_1_2' title="bbox 281 541 1224 646; baseline 0.001 -26"><span class='ocrx_word' id='word_1_4' title='bbox 281 560 397 637; x_wconf 78' lang='lat' dir='ltr'>antur3</span> <span class='ocrx_word' id='word_1_5' title='bbox 432 573 550 622; x_wconf 87' lang='lat' dir='ltr'>verum</span> <span class='ocrx_word' id='word_1_6' title='bbox 581 560 614 619; x_wconf 89' lang='lat' dir='ltr'>et</span> <span class='ocrx_word' id='word_1_7' title='bbox 639 548 857 645; x_wconf 87' lang='lat' dir='ltr'>plurimarum</span> <span class='ocrx_word' id='word_1_8' title='bbox 877 547 992 644; x_wconf 76' lang='lat' dir='ltr'>logum</span> <span class='ocrx_word' id='word_1_9' title='bbox 1009 548 1093 621; x_wconf 88' lang='lat' dir='ltr'>ratio</span> <span class='ocrx_word' id='word_1_10' title='bbox 1120 541 1224 646; x_wconf 86' lang='lat' dir='ltr'>plane</span> 
     </span>
     <span class='ocr_line' id='line_1_3' title="bbox 281 685 1224 786; baseline 0.003 -27"><span class='ocrx_word' id='word_1_11' title='bbox 281 687 372 759; x_wconf 90' lang='lat' dir='ltr'>nulla</span> <span class='ocrx_word' id='word_1_12' title='bbox 391 685 604 786; x_wconf 78' lang='lat' dir='ltr'>intelligitur,</span> <span class='ocrx_word' id='word_1_13' title='bbox 631 685 695 757; x_wconf 89' lang='lat' dir='ltr'>nisi</span> <span class='ocrx_word' id='word_1_14' title='bbox 722 685 765 756; x_wconf 90' lang='lat' dir='ltr'>dc</span> <span class='ocrx_word' id='word_1_15' title='bbox 793 685 943 758; x_wconf 88' lang='lat' dir='ltr'>historica</span> <span class='ocrx_word' id='word_1_16' title='bbox 967 687 1099 757; x_wconf 88' lang='lat' dir='ltr'>illarum</span> <span class='ocrx_word' id='word_1_17' title='bbox 1120 711 1224 762; x_wconf 79' lang='lat' dir='ltr'>causa</span> 
     </span>
     <span class='ocr_line' id='line_1_4' title="bbox 282 821 1223 921; baseline 0 -21"><span class='ocrx_word' id='word_1_18' title='bbox 282 826 442 919; x_wconf 88' lang='lat' dir='ltr'>constet(</span> <span class='ocrx_word' id='word_1_19' title='bbox 460 821 516 920; x_wconf 89' lang='lat'>1).</span> <span class='ocrx_word' id='word_1_20' title='bbox 549 824 599 895; x_wconf 88' lang='lat' dir='ltr'>Ita</span> <span class='ocrx_word' id='word_1_21' title='bbox 624 836 681 912; x_wconf 87' lang='lat' dir='ltr'>ut,</span> <span class='ocrx_word' id='word_1_22' title='bbox 699 824 729 896; x_wconf 90' lang='lat' dir='ltr'>si</span> <span class='ocrx_word' id='word_1_23' title='bbox 754 822 983 921; x_wconf 75' lang='lat' dir='ltr'>philosophiae</span> <span class='ocrx_word' id='word_1_24' title='bbox 1003 825 1077 896; x_wconf 89' lang='lat' dir='ltr'>luce</span> <span class='ocrx_word' id='word_1_25' title='bbox 1110 853 1223 900; x_wconf 90' lang='lat' dir='ltr'>carere</span> 
     </span>
     <span class='ocr_line' id='line_1_5' title="bbox 281 961 1222 1060; baseline 0.003 -23"><span class='ocrx_word' id='word_1_26' title='bbox 281 986 490 1060; x_wconf 82' lang='lat' dir='ltr'><strong>nequeamus</strong></span> <span class='ocrx_word' id='word_1_27' title='bbox 501 961 678 1059; x_wconf 86' lang='lat' dir='ltr'>inlegibus</span> <span class='ocrx_word' id='word_1_28' title='bbox 687 962 908 1060; x_wconf 83' lang='lat' dir='ltr'>explicandis,</span> <span class='ocrx_word' id='word_1_29' title='bbox 925 988 1065 1058; x_wconf 84' lang='lat' dir='ltr'>quarum</span> <span class='ocrx_word' id='word_1_30' title='bbox 1079 967 1167 1038; x_wconf 85' lang='lat' dir='ltr'>ratio</span> <span class='ocrx_word' id='word_1_31' title='bbox 1187 968 1222 1040; x_wconf 91' lang='lat' dir='ltr'>iu</span> 
     </span>
     <span class='ocr_line' id='line_1_6' title="bbox 283 1098 1223 1198; baseline 0.004 -25"><span class='ocrx_word' id='word_1_32' title='bbox 283 1114 414 1173; x_wconf 86' lang='lat' dir='ltr'>aeterna</span> <span class='ocrx_word' id='word_1_33' title='bbox 429 1100 506 1196; x_wconf 84' lang='lat' dir='ltr'>justi</span> <span class='ocrx_word' id='word_1_34' title='bbox 530 1111 564 1171; x_wconf 91' lang='lat' dir='ltr'>et</span> <span class='ocrx_word' id='word_1_35' title='bbox 581 1098 695 1197; x_wconf 90' lang='lat' dir='ltr'>injusti</span> <span class='ocrx_word' id='word_1_36' title='bbox 712 1113 827 1172; x_wconf 87' lang='lat' dir='ltr'>natura</span> <span class='ocrx_word' id='word_1_37' title='bbox 845 1100 1032 1198; x_wconf 87' lang='lat' dir='ltr'>quaerenda</span> <span class='ocrx_word' id='word_1_38' title='bbox 1052 1116 1125 1191; x_wconf 90' lang='lat' dir='ltr'>cst,</span> <span class='ocrx_word' id='word_1_39' title='bbox 1151 1106 1223 1177; x_wconf 90' lang='lat' dir='ltr'>sine</span> 
     </span>
     <span class='ocr_line' id='line_1_7' title="bbox 282 1238 1220 1344; baseline 0.005 -32"><span class='ocrx_word' id='word_1_40' title='bbox 282 1238 439 1312; x_wconf 76' lang='lat' dir='ltr'>historiae</span> <span class='ocrx_word' id='word_1_41' title='bbox 465 1238 588 1311; x_wconf 82' lang='lat' dir='ltr'>auxilio</span> <span class='ocrx_word' id='word_1_42' title='bbox 615 1262 719 1313; x_wconf 82' lang='lat' dir='ltr'>vanus</span> <span class='ocrx_word' id='word_1_43' title='bbox 755 1241 797 1312; x_wconf 86' lang='lat' dir='ltr'>sit</span> <span class='ocrx_word' id='word_1_44' title='bbox 825 1254 960 1313; x_wconf 86' lang='lat' dir='ltr'>conatus</span> <span class='ocrx_word' id='word_1_45' title='bbox 989 1246 1102 1314; x_wconf 83' lang='lat' dir='ltr'>omnis</span> <span class='ocrx_word' id='word_1_46' title='bbox 1129 1245 1220 1344; x_wconf 82' lang='lat' dir='ltr'>leges</span> 
     </span>
     <span class='ocr_line' id='line_1_8' title="bbox 282 1378 1220 1478; baseline 0.004 -26"><span class='ocrx_word' id='word_1_47' title='bbox 282 1378 547 1478; x_wconf 84' lang='lat' dir='ltr'>interpretandi,</span> <span class='ocrx_word' id='word_1_48' title='bbox 589 1403 676 1477; x_wconf 82' lang='lat' dir='ltr'>quae</span> <span class='ocrx_word' id='word_1_49' title='bbox 704 1380 740 1450; x_wconf 90' lang='lat' dir='ltr'>in</span> <span class='ocrx_word' id='word_1_50' title='bbox 769 1390 960 1478; x_wconf 78' lang='lat' dir='ltr'>temporum</span> <span class='ocrx_word' id='word_1_51' title='bbox 1001 1394 1033 1450; x_wconf 89' lang='lat' dir='ltr'>ct</span> <span class='ocrx_word' id='word_1_52' title='bbox 1066 1382 1220 1456; x_wconf 86' lang='lat' dir='ltr'>locorum</span> 
     </span>
     <span class='ocr_line' id='line_1_9' title="bbox 280 1515 1136 1618; baseline -0.002 -27"><span class='ocrx_word' id='word_1_53' title='bbox 280 1517 471 1592; x_wconf 85' lang='lat' dir='ltr'>conditione</span> <span class='ocrx_word' id='word_1_54' title='bbox 495 1515 701 1610; x_wconf 83' lang='lat' dir='ltr'>peculiarem</span> <span class='ocrx_word' id='word_1_55' title='bbox 732 1541 864 1587; x_wconf 87' lang='lat' dir='ltr'>causam</span> <span class='ocrx_word' id='word_1_56' title='bbox 890 1517 1012 1590; x_wconf 77' lang='lat' dir='ltr'>hahent</span> <span class='ocrx_word' id='word_1_57' title='bbox 1040 1516 1136 1618; x_wconf 85' lang='lat'><strong>(2).</strong></span> 
     </span>
    </p>
   </div>
   <div class='ocr_carea' id='block_1_3' title="bbox 332 1652 1219 1758">
    <p class='ocr_par' dir='ltr' id='par_1_3' title="bbox 332 1652 1219 1758">
     <span class='ocr_line' id='line_1_10' title="bbox 332 1652 1219 1758; baseline 0.008 -31"><span class='ocrx_word' id='word_1_58' title='bbox 332 1655 403 1728; x_wconf 88' lang='lat' dir='ltr'>Nec</span> <span class='ocrx_word' id='word_1_59' title='bbox 433 1652 584 1749; x_wconf 84' lang='lat' dir='ltr'>proiecto</span> <span class='ocrx_word' id='word_1_60' title='bbox 621 1653 733 1724; x_wconf 92' lang='lat' dir='ltr'>minus</span> <span class='ocrx_word' id='word_1_61' title='bbox 761 1655 978 1727; x_wconf 89' lang='lat' dir='ltr'>commodum</span> <span class='ocrx_word' id='word_1_62' title='bbox 1017 1670 1088 1748; x_wconf 84' lang='lat' dir='ltr'>cst,</span> <span class='ocrx_word' id='word_1_63' title='bbox 1122 1661 1219 1758; x_wconf 87' lang='lat' dir='ltr'>quod</span> 
     </span>
    </p>
   </div>
   <div class='ocr_carea' id='block_1_4' title="bbox 283 1788 1219 1896">
    <p class='ocr_par' dir='ltr' id='par_1_4' title="bbox 283 1781 1219 1896">
     <span class='ocr_line' id='line_1_11' title="bbox 283 1788 1219 1896; baseline 0.006 -32"><span class='ocrx_word' id='word_1_64' title='bbox 283 1815 324 1864; x_wconf 82' lang='lat' dir='ltr'>ex</span> <span class='ocrx_word' id='word_1_65' title='bbox 354 1788 634 1890; x_wconf 81' lang='lat' dir='ltr'>jurisprudentiae</span> <span class='ocrx_word' id='word_1_66' title='bbox 668 1789 780 1864; x_wconf 91' lang='lat' dir='ltr'>studio</span> <span class='ocrx_word' id='word_1_67' title='bbox 806 1807 840 1865; x_wconf 88' lang='lat' dir='ltr'>ct</span> <span class='ocrx_word' id='word_1_68' title='bbox 863 1797 1052 1891; x_wconf 84' lang='lat' dir='ltr'>cognitione</span> <span class='ocrx_word' id='word_1_69' title='bbox 1073 1799 1219 1896; x_wconf 79' lang='lat' dir='ltr'>percipit</span> 
     </span>
    </p>
   </div>
   <div class='ocr_carea' id='block_1_5' title="bbox 280 1928 1218 2158">
    <p class='ocr_par' dir='ltr' id='par_1_5' title="bbox 280 1928 1218 2158">
     <span class='ocr_line' id='line_1_12' title="bbox 282 1928 1218 2034; baseline 0.006 -32"><span class='ocrx_word' id='word_1_70' title='bbox 282 1930 439 2019; x_wconf 88' lang='lat' dir='ltr'>historia,</span> <span class='ocrx_word' id='word_1_71' title='bbox 480 1956 546 2002; x_wconf 93' lang='lat' dir='ltr'>non</span> <span class='ocrx_word' id='word_1_72' title='bbox 578 1928 717 2030; x_wconf 90' lang='lat' dir='ltr'>quidem</span> <span class='ocrx_word' id='word_1_73' title='bbox 746 1956 804 2019; x_wconf 89' lang='lat' dir='ltr'>ea,</span> <span class='ocrx_word' id='word_1_74' title='bbox 840 1958 927 2030; x_wconf 86' lang='lat' dir='ltr'>quac</span> <span class='ocrx_word' id='word_1_75' title='bbox 957 1934 992 2004; x_wconf 89' lang='lat' dir='ltr'>in</span> <span class='ocrx_word' id='word_1_76' title='bbox 1022 1936 1218 2034; x_wconf 90' lang='lat' dir='ltr'>principum</span> 
     </span>
     <span class='ocr_line' id='line_1_13' title="bbox 280 2068 1217 2158; baseline 0.005 -17"><span class='ocrx_word' id='word_1_77' title='bbox 280 2068 562 2158; x_wconf 73' lang='lat' dir='ltr'>successionibus,</span> <span class='ocrx_word' id='word_1_78' title='bbox 599 2070 641 2144; x_wconf 93' lang='lat' dir='ltr'>in</span> <span class='ocrx_word' id='word_1_79' title='bbox 679 2068 847 2144; x_wconf 84' lang='lat' dir='ltr'>bellorum</span> <span class='ocrx_word' id='word_1_80' title='bbox 886 2084 920 2142; x_wconf 91' lang='lat' dir='ltr'>ct</span> <span class='ocrx_word' id='word_1_81' title='bbox 951 2074 1217 2146; x_wconf 87' lang='lat' dir='ltr'>transactionum</span> 
     </span>
    </p>
   </div>
   <div class='ocr_carea' id='block_1_6' title="bbox 280 2206 1216 2305">
    <p class='ocr_par' dir='ltr' id='par_1_6' title="bbox 280 2206 1216 2305">
     <span class='ocr_line' id='line_1_14' title="bbox 280 2206 1216 2305; baseline 0.005 -25"><span class='ocrx_word' id='word_1_82' title='bbox 280 2206 528 2281; x_wconf 89' lang='lat' dir='ltr'>recensionihus</span> <span class='ocrx_word' id='word_1_83' title='bbox 549 2218 618 2279; x_wconf 86' lang='lat' dir='ltr'>tota</span> <span class='ocrx_word' id='word_1_84' title='bbox 637 2207 809 2303; x_wconf 81' lang='lat' dir='ltr'>subsistit3</span> <span class='ocrx_word' id='word_1_85' title='bbox 833 2233 951 2282; x_wconf 86' lang='lat' dir='ltr'>vorum</span> <span class='ocrx_word' id='word_1_86' title='bbox 968 2210 1026 2282; x_wconf 87' lang='lat' dir='ltr'>illa</span> <span class='ocrx_word' id='word_1_87' title='bbox 1046 2214 1216 2305; x_wconf 87' lang='lat' dir='ltr'>maxime,</span> 
     </span>
    </p>
   </div>
   <div class='ocr_carea' id='block_1_7' title="bbox 281 2375 1218 3816">
    <p class='ocr_par' dir='ltr' id='par_1_7' title="bbox 1112 2375 1218 2452">
     <span class='ocr_line' id='line_1_15' title="bbox 1112 2375 1218 2452; baseline 0.019 -29"><span class='ocrx_word' id='word_1_88' title='bbox 1112 2375 1218 2452; x_wconf 75' lang='lat' dir='ltr'>quam</span> 
     </span>
    </p>

    <p class='ocr_par' dir='ltr' id='par_1_8' title="bbox 282 2479 1217 2821">
     <span class='ocr_line' id='line_1_16' title="bbox 320 2479 1216 2555; baseline 0.009 -22"><span class='ocrx_word' id='word_1_89' title='bbox 320 2480 373 2550; x_wconf 83' lang='grc' dir='ltr'>(ι)</span> <span class='ocrx_word' id='word_1_90' title='bbox 392 2479 465 2532; x_wconf 84' lang='lat' dir='ltr'>luter</span> <span class='ocrx_word' id='word_1_91' title='bbox 482 2485 616 2536; x_wconf 86' lang='lat' dir='ltr'>innumera</span> <span class='ocrx_word' id='word_1_92' title='bbox 637 2486 751 2554; x_wconf 79' lang='lat' dir='ltr'>example</span> <span class='ocrx_word' id='word_1_93' title='bbox 772 2502 849 2535; x_wconf 84' lang='lat' dir='ltr'>nuum</span> <span class='ocrx_word' id='word_1_94' title='bbox 864 2486 973 2538; x_wconf 82' lang='lat' dir='ltr'>sufficiat</span> <span class='ocrx_word' id='word_1_95' title='bbox 986 2489 1107 2555; x_wconf 80' lang='lat' dir='ltr'>allegasse</span> <span class='ocrx_word' id='word_1_96' title='bbox 1124 2508 1216 2541; x_wconf 75' lang='lat' dir='ltr'>excru-</span> 
     </span>
     <span class='ocr_line' id='line_1_17' title="bbox 282 2570 1213 2645; baseline 0.01 -25"><span class='ocrx_word' id='word_1_97' title='bbox 282 2570 353 2638; x_wconf 87' lang='lat' dir='ltr'>plum</span> <span class='ocrx_word' id='word_1_98' title='bbox 373 2574 454 2640; x_wconf 71' lang='lat' dir='ltr'>Lagis</span> <span class='ocrx_word' id='word_1_99' title='bbox 474 2590 489 2621; x_wconf 87' lang='lat'>2</span> <span class='ocrx_word' id='word_1_100' title='bbox 511 2575 570 2627; x_wconf 78' lang='lat' dir='ltr'>eod.</span> <span class='ocrx_word' id='word_1_101' title='bbox 606 2576 683 2642; x_wconf 83' lang='lat' dir='ltr'>Quae</span> <span class='ocrx_word' id='word_1_102' title='bbox 703 2577 742 2627; x_wconf 84' lang='lat' dir='ltr'>sit</span> <span class='ocrx_word' id='word_1_103' title='bbox 762 2574 844 2645; x_wconf 83' lang='lat' dir='ltr'>longa</span> <span class='ocrx_word' id='word_1_104' title='bbox 867 2579 1034 2627; x_wconf 78' lang='lat' dir='ltr'>consuetudo.</span> <span class='ocrx_word' id='word_1_105' title='bbox 1068 2575 1125 2628; x_wconf 86' lang='lat' dir='ltr'>Ubi</span> <span class='ocrx_word' id='word_1_106' title='bbox 1149 2576 1213 2645; x_wconf 85' lang='lat' dir='ltr'>quid</span> 
     </span>
     <span class='ocr_line' id='line_1_18' title="bbox 282 2661 1217 2734; baseline 0.009 -22"><span class='ocrx_word' id='word_1_107' title='bbox 282 2661 368 2712; x_wconf 79' lang='lat' dir='ltr'>valeat</span> <span class='ocrx_word' id='word_1_108' title='bbox 382 2661 416 2711; x_wconf 88' lang='lat' dir='ltr'>ad</span> <span class='ocrx_word' id='word_1_109' title='bbox 436 2661 531 2713; x_wconf 85' lang='lat' dir='ltr'>bonam</span> <span class='ocrx_word' id='word_1_110' title='bbox 544 2665 627 2732; x_wconf 75' lang='lat' dir='ltr'>legum</span> <span class='ocrx_word' id='word_1_111' title='bbox 646 2666 887 2733; x_wconf 75' lang='lat' dir='ltr'>interpretationem</span> <span class='ocrx_word' id='word_1_112' title='bbox 908 2667 1034 2717; x_wconf 86' lang='lat' dir='ltr'>historiae</span> <span class='ocrx_word' id='word_1_113' title='bbox 1052 2668 1117 2722; x_wconf 72' lang='lat' dir='ltr'>lux,</span> <span class='ocrx_word' id='word_1_114' title='bbox 1132 2679 1217 2734; x_wconf 80' lang='lat' dir='ltr'>prae·</span> 
     </span>
     <span class='ocr_line' id='line_1_19' title="bbox 283 2751 1060 2821; baseline 0.006 -21"><span class='ocrx_word' id='word_1_115' title='bbox 283 2751 355 2801; x_wconf 86' lang='lat' dir='ltr'>clare</span> <span class='ocrx_word' id='word_1_116' title='bbox 375 2770 419 2804; x_wconf 85' lang='lat' dir='ltr'>sus</span> <span class='ocrx_word' id='word_1_117' title='bbox 433 2755 497 2819; x_wconf 86' lang='lat' dir='ltr'>legis</span> <span class='ocrx_word' id='word_1_118' title='bbox 516 2757 689 2821; x_wconf 82' lang='lat' dir='ltr'>explicatione</span> <span class='ocrx_word' id='word_1_119' title='bbox 709 2757 825 2808; x_wconf 86' lang='lat' dir='ltr'>ostendit</span> <span class='ocrx_word' id='word_1_120' title='bbox 847 2767 1060 2807; x_wconf 73' lang='lat' dir='ltr'>cornornunus.</span> 
     </span>
    </p>

    <p class='ocr_par' dir='ltr' id='par_1_9' title="bbox 281 2839 1217 3816">
     <span class='ocr_line' id='line_1_20' title="bbox 319 2839 1216 2917; baseline 0.013 -28"><span class='ocrx_word' id='word_1_121' title='bbox 319 2840 373 2908; x_wconf 69' lang='grc' dir='ltr'>(α)</span> <span class='ocrx_word' id='word_1_122' title='bbox 393 2839 554 2895; x_wconf 87' lang='lat' dir='ltr'>Graecorum</span> <span class='ocrx_word' id='word_1_123' title='bbox 573 2855 599 2897; x_wconf 89' lang='lat' dir='ltr'>et</span> <span class='ocrx_word' id='word_1_124' title='bbox 613 2847 788 2900; x_wconf 82' lang='lat' dir='ltr'>Romanorum</span> <span class='ocrx_word' id='word_1_125' title='bbox 801 2849 869 2917; x_wconf 78' lang='lat' dir='ltr'>leges</span> <span class='ocrx_word' id='word_1_126' title='bbox 883 2850 953 2900; x_wconf 85' lang='lat' dir='ltr'>circa</span> <span class='ocrx_word' id='word_1_127' title='bbox 969 2846 1111 2915; x_wconf 81' lang='lat' dir='ltr'>legitimam</span> <span class='ocrx_word' id='word_1_128' title='bbox 1131 2865 1216 2916; x_wconf 78' lang='lat' dir='ltr'>agna·</span> 
     </span>
     <span class='ocr_line' id='line_1_21' title="bbox 281 2931 1215 3007; baseline 0.018 -30"><span class='ocrx_word' id='word_1_129' title='bbox 281 2931 368 2978; x_wconf 85' lang='lat' dir='ltr'>torum</span> <span class='ocrx_word' id='word_1_130' title='bbox 388 2934 495 2983; x_wconf 84' lang='lat' dir='ltr'>tutelam</span> <span class='ocrx_word' id='word_1_131' title='bbox 514 2933 640 2991; x_wconf 68' lang='lat' dir='ltr'>differre,</span> <span class='ocrx_word' id='word_1_132' title='bbox 666 2956 707 2990; x_wconf 87' lang='lat' dir='ltr'>res</span> <span class='ocrx_word' id='word_1_133' title='bbox 728 2957 774 3005; x_wconf 86' lang='lat' dir='ltr'>per</span> <span class='ocrx_word' id='word_1_134' title='bbox 795 2956 822 2991; x_wconf 88' lang='lat' dir='ltr'>se</span> <span class='ocrx_word' id='word_1_135' title='bbox 844 2940 921 3007; x_wconf 83' lang='lat' dir='ltr'>parvi</span> <span class='ocrx_word' id='word_1_136' title='bbox 942 2938 1066 2989; x_wconf 84' lang='lat' dir='ltr'>momenti</span> <span class='ocrx_word' id='word_1_137' title='bbox 1087 2937 1215 2995; x_wconf 77' lang='lat' dir='ltr'>rideturs</span> 
     </span>
     <span class='ocr_line' id='line_1_22' title="bbox 282 3018 1216 3087; baseline 0.012 -19"><span class='ocrx_word' id='word_1_138' title='bbox 282 3021 309 3065; x_wconf 74' lang='lat' dir='ltr'>et</span> <span class='ocrx_word' id='word_1_139' title='bbox 329 3018 375 3084; x_wconf 86' lang='lat' dir='ltr'>qui</span> <span class='ocrx_word' id='word_1_140' title='bbox 396 3019 480 3087; x_wconf 80' lang='lat' dir='ltr'>legum</span> <span class='ocrx_word' id='word_1_141' title='bbox 501 3030 601 3074; x_wconf 85' lang='lat' dir='ltr'>tuntum</span> <span class='ocrx_word' id='word_1_142' title='bbox 622 3027 700 3079; x_wconf 83' lang='lat' dir='ltr'>verba</span> <span class='ocrx_word' id='word_1_143' title='bbox 724 3037 815 3082; x_wconf 82' lang='lat' dir='ltr'>curat,</span> <span class='ocrx_word' id='word_1_144' title='bbox 842 3026 1140 3078; x_wconf 75' lang='lat' dir='ltr'>aliodsonou1‚atiud</span> <span class='ocrx_word' id='word_1_145' title='bbox 1159 3029 1216 3079; x_wconf 53' lang='lat' dir='ltr'>ve*</span> 
     </span>
     <span class='ocr_line' id='line_1_23' title="bbox 283 3107 1216 3184; baseline 0.016 -29"><span class='ocrx_word' id='word_1_146' title='bbox 283 3107 458 3159; x_wconf 86' lang='lat' dir='ltr'>cemvirorum</span> <span class='ocrx_word' id='word_1_147' title='bbox 493 3113 602 3181; x_wconf 82' lang='lat' dir='ltr'>collegio</span> <span class='ocrx_word' id='word_1_148' title='bbox 638 3117 765 3183; x_wconf 84' lang='lat' dir='ltr'>placuisse</span> <span class='ocrx_word' id='word_1_149' title='bbox 801 3116 978 3184; x_wconf 81' lang='lat' dir='ltr'>respondebit.</span> <span class='ocrx_word' id='word_1_150' title='bbox 1016 3111 1119 3182; x_wconf 86' lang='lat' dir='ltr'>Quodsi</span> <span class='ocrx_word' id='word_1_151' title='bbox 1148 3135 1216 3170; x_wconf 81' lang='lat' dir='ltr'>vero</span> 
     </span>
     <span class='ocr_line' id='line_1_24' title="bbox 284 3190 1215 3272; baseline 0.015 -25"><span class='ocrx_word' id='word_1_152' title='bbox 284 3190 412 3248; x_wconf 73' lang='lat' dir='ltr'>historiae</span> <span class='ocrx_word' id='word_1_153' title='bbox 436 3201 520 3252; x_wconf 88' lang='lat' dir='ltr'>lucem</span> <span class='ocrx_word' id='word_1_154' title='bbox 548 3205 745 3260; x_wconf 66' lang='lat' dir='ltr'>admoveamus,</span> <span class='ocrx_word' id='word_1_155' title='bbox 774 3207 853 3259; x_wconf 79' lang='lat' dir='ltr'>facile</span> <span class='ocrx_word' id='word_1_156' title='bbox 877 3225 921 3258; x_wconf 87' lang='lat' dir='ltr'>aua</span> <span class='ocrx_word' id='word_1_157' title='bbox 943 3205 1036 3271; x_wconf 85' lang='lat' dir='ltr'>cuique</span> <span class='ocrx_word' id='word_1_158' title='bbox 1058 3208 1113 3272; x_wconf 86' lang='lat' dir='ltr'>juri</span> <span class='ocrx_word' id='word_1_159' title='bbox 1142 3211 1215 3261; x_wconf 86' lang='lat' dir='ltr'>ratio</span> 
     </span>
     <span class='ocr_line' id='line_1_25' title="bbox 282 3286 1214 3367; baseline 0.01 -33"><span class='ocrx_word' id='word_1_160' title='bbox 282 3286 423 3353; x_wconf 72' lang='lat' dir='ltr'>constabit.</span> <span class='ocrx_word' id='word_1_161' title='bbox 461 3288 622 3343; x_wconf 85' lang='lat' dir='ltr'>Graecorum</span> <span class='ocrx_word' id='word_1_162' title='bbox 651 3296 694 3344; x_wconf 75' lang='lat' dir='ltr'>les</span> <span class='ocrx_word' id='word_1_163' title='bbox 715 3295 767 3345; x_wconf 85' lang='lat' dir='ltr'>lata</span> <span class='ocrx_word' id='word_1_164' title='bbox 792 3297 842 3346; x_wconf 89' lang='lat' dir='ltr'>suit</span> <span class='ocrx_word' id='word_1_165' title='bbox 863 3303 995 3362; x_wconf 70' lang='lat' dir='ltr'>tempores</span> <span class='ocrx_word' id='word_1_166' title='bbox 1022 3311 1074 3360; x_wconf 87' lang='lat' dir='ltr'>quo</span> <span class='ocrx_word' id='word_1_167' title='bbox 1097 3312 1214 3367; x_wconf 74' lang='lat' dir='ltr'>corrup-</span> 
     </span>
     <span class='ocr_line' id='line_1_26' title="bbox 283 3373 1213 3456; baseline 0.013 -30"><span class='ocrx_word' id='word_1_168' title='bbox 283 3373 318 3426; x_wconf 79' lang='lat' dir='ltr'>tia</span> <span class='ocrx_word' id='word_1_169' title='bbox 336 3377 389 3443; x_wconf 88' lang='lat' dir='ltr'>jam</span> <span class='ocrx_word' id='word_1_170' title='bbox 414 3378 528 3430; x_wconf 87' lang='lat' dir='ltr'>moribus</span> <span class='ocrx_word' id='word_1_171' title='bbox 551 3382 584 3431; x_wconf 88' lang='lat' dir='ltr'>ab</span> <span class='ocrx_word' id='word_1_172' title='bbox 611 3383 710 3450; x_wconf 85' lang='lat' dir='ltr'>agnatis</span> <span class='ocrx_word' id='word_1_173' title='bbox 732 3399 806 3450; x_wconf 87' lang='lat' dir='ltr'>saepe</span> <span class='ocrx_word' id='word_1_174' title='bbox 827 3383 937 3434; x_wconf 84' lang='lat' dir='ltr'>insidias</span> <span class='ocrx_word' id='word_1_175' title='bbox 955 3381 1021 3435; x_wconf 88' lang='lat' dir='ltr'>strui</span> <span class='ocrx_word' id='word_1_176' title='bbox 1045 3385 1213 3456; x_wconf 78' lang='lat' dir='ltr'>minoribus,</span> 
     </span>
     <span class='ocr_line' id='line_1_27' title="bbox 283 3463 1213 3540; baseline 0.015 -26"><span class='ocrx_word' id='word_1_177' title='bbox 283 3463 367 3516; x_wconf 78' lang='lat' dir='ltr'>tsistia</span> <span class='ocrx_word' id='word_1_178' title='bbox 396 3466 521 3521; x_wconf 86' lang='lat' dir='ltr'>docuerat</span> <span class='ocrx_word' id='word_1_179' title='bbox 541 3472 716 3539; x_wconf 69' lang='lat' dir='ltr'>experientia,</span> <span class='ocrx_word' id='word_1_180' title='bbox 745 3490 759 3523; x_wconf 86' lang='lat' dir='ltr'>a</span> <span class='ocrx_word' id='word_1_181' title='bbox 787 3475 866 3524; x_wconf 82' lang='lat' dir='ltr'>tutela</span> <span class='ocrx_word' id='word_1_182' title='bbox 889 3472 969 3540; x_wconf 78' lang='lat' dir='ltr'>igitur</span> <span class='ocrx_word' id='word_1_183' title='bbox 991 3472 1213 3533; x_wconf 66' lang='lat' dir='ltr'>removebantur,</span> 
     </span>
     <span class='ocr_line' id='line_1_28' title="bbox 286 3554 1214 3629; baseline 0.01 -28"><span class='ocrx_word' id='word_1_184' title='bbox 286 3554 380 3617; x_wconf 90' lang='lat' dir='ltr'>quibus</span> <span class='ocrx_word' id='word_1_185' title='bbox 401 3565 457 3609; x_wconf 88' lang='lat' dir='ltr'>tuto</span> <span class='ocrx_word' id='word_1_186' title='bbox 480 3577 509 3611; x_wconf 83' lang='lat' dir='ltr'>ea</span> <span class='ocrx_word' id='word_1_187' title='bbox 532 3562 660 3613; x_wconf 87' lang='lat' dir='ltr'>committi</span> <span class='ocrx_word' id='word_1_188' title='bbox 674 3577 728 3613; x_wconf 87' lang='lat' dir='ltr'>uon</span> <span class='ocrx_word' id='word_1_189' title='bbox 749 3579 823 3629; x_wconf 83' lang='lat' dir='ltr'>posse</span> <span class='ocrx_word' id='word_1_190' title='bbox 839 3562 992 3625; x_wconf 79' lang='lat' dir='ltr'>videbatur3</span> <span class='ocrx_word' id='word_1_191' title='bbox 1007 3561 1138 3613; x_wconf 84' lang='lat' dir='ltr'>Romanos</span> <span class='ocrx_word' id='word_1_192' title='bbox 1165 3585 1214 3617; x_wconf 84' lang='lat' dir='ltr'>vc.</span> 
     </span>
     <span class='ocr_line' id='line_1_29' title="bbox 286 3649 1215 3716; baseline 0.011 -24"><span class='ocrx_word' id='word_1_193' title='bbox 286 3650 337 3693; x_wconf 65' lang='grc' dir='ltr'>Ν,</span> <span class='ocrx_word' id='word_1_194' title='bbox 363 3660 421 3697; x_wconf 87' lang='lat' dir='ltr'>cum</span> <span class='ocrx_word' id='word_1_195' title='bbox 443 3650 477 3699; x_wconf 89' lang='lat' dir='ltr'>iis</span> <span class='ocrx_word' id='word_1_196' title='bbox 491 3650 559 3716; x_wconf 83' lang='lat' dir='ltr'>leges</span> <span class='ocrx_word' id='word_1_197' title='bbox 573 3651 749 3702; x_wconf 83' lang='lat' dir='ltr'>scriberentur</span> <span class='ocrx_word' id='word_1_198' title='bbox 772 3649 972 3704; x_wconf 66' lang='lat' dir='ltr'>decemvirales,</span> <span class='ocrx_word' id='word_1_199' title='bbox 998 3649 1115 3702; x_wconf 80' lang='lat' dir='ltr'>nondum</span> <span class='ocrx_word' id='word_1_200' title='bbox 1139 3655 1215 3709; x_wconf 81' lang='lat' dir='ltr'>divi.</span> 
     </span>
     <span class='ocr_line' id='line_1_30' title="bbox 286 3728 1217 3816; baseline 0.021 -38"><span class='ocrx_word' id='word_1_201' title='bbox 286 3728 339 3779; x_wconf 89' lang='lat' dir='ltr'>tiae</span> <span class='ocrx_word' id='word_1_202' title='bbox 352 3733 463 3784; x_wconf 80' lang='lat' dir='ltr'>etluxus</span> <span class='ocrx_word' id='word_1_203' title='bbox 484 3737 659 3788; x_wconf 78' lang='lat' dir='ltr'>Asiaticorum</span> <span class='ocrx_word' id='word_1_204' title='bbox 674 3748 860 3805; x_wconf 89' lang='lat' dir='ltr'>corruperant:</span> <span class='ocrx_word' id='word_1_205' title='bbox 886 3748 913 3793; x_wconf 84' lang='lat' dir='ltr'>et</span> <span class='ocrx_word' id='word_1_206' title='bbox 934 3742 980 3809; x_wconf 84' lang='lat' dir='ltr'>qui</span> <span class='ocrx_word' id='word_1_207' title='bbox 992 3740 1101 3805; x_wconf 89' lang='lat' dir='ltr'>melius,</span> <span class='ocrx_word' id='word_1_208' title='bbox 1136 3763 1217 3816; x_wconf 77' lang='lat' dir='ltr'>quem</span> 
     </span>
    </p>
   </div>
   <div class='ocr_carea' id='block_1_8' title="bbox 285 3821 1133 3896">
    <p class='ocr_par' dir='ltr' id='par_1_10' title="bbox 285 3821 1133 3896">
     <span class='ocr_line' id='line_1_31' title="bbox 285 3821 1133 3896; baseline 0.019 -27"><span class='ocrx_word' id='word_1_209' title='bbox 285 3821 373 3889; x_wconf 63' lang='lat' dir='ltr'>egnati</span> <span class='ocrx_word' id='word_1_210' title='bbox 391 3823 506 3891; x_wconf 65' lang='lat' dir='ltr'>pessimi</span> <span class='ocrx_word' id='word_1_211' title='bbox 526 3825 640 3884; x_wconf 78' lang='lat' dir='ltr'>minores</span> <span class='ocrx_word' id='word_1_212' title='bbox 661 3835 802 3896; x_wconf 82' lang='lat' dir='ltr'>cararent,</span> <span class='ocrx_word' id='word_1_213' title='bbox 818 3830 884 3887; x_wconf 78' lang='lat' dir='ltr'>nudi</span> <span class='ocrx_word' id='word_1_214' title='bbox 897 3846 951 3891; x_wconf 83' lang='lat' dir='ltr'>esee</span> <span class='ocrx_word' id='word_1_215' title='bbox 964 3829 1133 3892; x_wconf 80' lang='lat' dir='ltr'>ridebantur.</span> 
     </span>
    </p>
   </div>
   <div class='ocr_carea' id='block_1_9' title="bbox 0 0 1418 4964">
    <p class='ocr_par' dir='ltr' id='par_1_11' title="bbox 0 0 1418 4964">
     <span class='ocr_line' id='line_1_32' title="bbox 0 0 1418 4964; baseline 0 0"><span class='ocrx_word' id='word_1_216' title='bbox 0 0 1418 4964; x_wconf 95' lang='lat' dir='ltr'> </span> 
     </span>
    </p>
   </div>
  </div>
 </body>
</html>
