2828 4964
409 398 476 479 128
608 392 847 470 snuclumu
866 395 891 467 J
894 389 1133 471 URIDICUM

401 598 528 671 serendi
557 609 653 683 erat,
677 596 839 687 alterum,
877 596 969 697 quod
994 596 1146 697 legitime
1177 596 1340 692 pmmul-

400 750 496 833 gatae
522 736 656 807 suerint.

454 872 558 967 Quod
584 871 627 943 arl
662 873 811 970 primum
842 866 981 960 attinet,
1023 872 1093 944 scio
1127 871 1292 971 equidem
1319 898 1340 944 a

406 1011 574 1085 nonnullis
604 1010 814 1083 observatum
854 1011 956 1081 luisse
999 1008 1043 1080 de
1091 1009 1229 1108 legibus
1271 1009 1339 1082 illis

407 1146 553 1219 Ordines
591 1147 723 1219 auditos
742 1173 808 1219 non
839 1171 921 1219 esse.
969 1144 1036 1218 Sed
1062 1171 1131 1246 quo
1154 1147 1257 1219 titulo
1274 1173 1344 1219 au.

407 1284 470 1357 diri
498 1284 714 1369 ‹lnlruissrnh
740 1285 926 1383 perspicere
948 1274 1053 1381 plane
1082 1308 1149 1354 non
1169 1308 1340 1381 possum,

409 1448 508 1507 rum,
532 1426 559 1495 si
588 1448 752 1495 novorum
771 1446 912 1491 onerum
942 1422 1012 1492 sine
1044 1445 1207 1493 oonseusu
1228 1421 1341 1494 Ordi-

407 1586 489 1634 num
512 1587 577 1633 non
614 1559 893 1659 inrponrndornnr
924 1558 1162 1654 obligationem
1191 1559 1344 1657 excipia-

408 1723 508 1785 mus,
538 1700 666 1770 nullum
692 1700 789 1793 plane
810 1710 1043 1793 augumentum
1071 1700 1135 1782 sit,
1168 1723 1237 1792 quo
1257 1722 1343 1795 pro-

406 1833 528 1922 betur,
552 1836 586 1904 in
611 1837 747 1904 caeteris
767 1836 903 1929 plenam
938 1830 1137 1931 potestatem
1164 1834 1342 1932 legislatov

408 1973 492 2045 riam
522 1995 589 2043 non
625 1970 668 2043 ud
696 1968 850 2043 Comites
884 1970 1094 2069 pertinuisse,
1128 1995 1246 2043 verum
1276 1998 1344 2044 ex-

409 2132 522 2207 presse
543 2123 655 2181 contra
678 2108 797 2181 multis
819 2121 945 2182 constat
967 2106 1194 2197 denimentiS,
1218 2108 1277 2181 vel
1297 2109 1341 2180 ab

412 2248 494 2343 ipsis
517 2244 699 2318 Ordinibus
730 2270 915 2345 numquam
947 2245 1039 2317 illam
1073 2245 1248 2318 Comitum
1275 2272 1344 2345 po-

413 2396 583 2470 testatem,
616 2382 652 2454 in
689 2385 799 2455 causis
832 2383 1042 2481 peculiariter
1070 2409 1138 2454 nou
1175 2385 1343 2481 exceptis,

412 2521 448 2595 in
474 2517 613 2599 dubium
636 2534 823 2612 revocatam
849 2523 952 2594 fuisse
981 2518 1070 2618 (a).

461 2656 562 2748 Quod
579 2682 660 2735 vero
677 2658 721 2732 ad
731 2660 890 2773 altanum,
904 2657 1019 2758 legum
1036 2659 1341 2758 promulgatioem,

411 2795 548 2881 attinet,
568 2796 752 2869 licetfacile
766 2799 948 2886 fateamur,
971 2794 1015 2869 de
1038 2797 1198 2871 omnibus
1224 2800 1346 2898 singu·

415 2928 456 3002 lis
471 2930 551 3001 loris
565 2930 696 3027 probari
723 2930 885 3007 historicis
905 2936 1109 3032 argumentis
1129 2962 1196 3008 noa
1217 2961 1342 3034 posse,

417 3094 489 3142 eam
507 3066 807 3167 promulgationem
823 3072 937 3153 locum
956 3070 1129 3166 lrabuisse3
1154 3088 1187 3146 at
1206 3074 1250 3146 de
1264 3075 1348 3174 plu*

416 3208 509 3281 rinris
525 3221 633 3279 tamen
649 3207 734 3279 illud
751 3210 1026 3284 omniaocoustat
1046 3212 1061 3311 (
1081 3238 1095 3286 1
1112 3208 1127 3307 )
1142 3263 1152 3301 ,
1166 3210 1251 3289 adeo
1271 3216 1349 3313 qui·

1222 3446 1224 3451 Ι
1267 3352 1349 3426 dem

457 3504 507 3572 (α)
526 3500 562 3552 (tf
572 3501 710 3552 Resolutie
717 3520 768 3553 van
775 3502 896 3555 Helland
908 3504 976 3553 anni
990 3502 1052 3555 1⁵64
1066 3504 1109 3555 dir
1125 3504 1155 3554 13
1167 3506 1235 3555 Dec.
1256 3506 1295 3558 bl.
1311 3527 1351 3579 7²·

419 3604 442 3639 ar
455 3602 619 3641 incautam*
635 3589 826 3660 Stoatlrundr'ge
845 3591 1009 3660 gercluisrea
1033 3594 1126 3644 orell
1140 3594 1178 3646 ut.
1193 3608 1352 3659 12.,K1.111't'

420 3678 541 3726 Hirrcrie
555 3680 600 3727 der
613 3682 791 3735 Holtandaclre
808 3685 928 3735 Staatsre
937 3685 1020 3755 <rung
1028 3703 1050 3754 p
1074 3697 1201 3756 11-17,
1229 3687 1354 3745 25—46·

459 3763 511 3833 tn)
529 3765 572 3832 ts,
592 3778 674 3822 anan.
697 3772 731 3823 ad
752 3786 885 3828 uaunruu
907 3774 974 3828 Creu
994 3775 1037 3848 67.
1060 3793 1118 3846 pag.
1137 3776 1198 3847 478.
