2828 4964
436 268 902 391 '‘rnrucunrun
1126 284 1179 409 iq

235 535 275 595 ut
307 519 441 596 videtur
448 572 459 609 ‚
507 519 640 592 decimo
677 516 776 589 tertio
819 512 957 584 demum
990 513 1166 613 compilata

234 674 307 748 est,
331 660 455 735 sedin
484 657 635 730 moribus
659 656 761 728 etiam
791 648 1031 748 antiquioribus
1061 653 1170 724 Fran-

232 808 351 871 corum
384 795 585 870 illustrandis
615 819 690 867 eam
717 793 789 867 vim
815 786 920 861 habet
932 838 943 877 ,
986 797 1028 859 ut
1055 790 1166 858 omni-

234 960 281 1005 no
305 935 339 1006 in
367 934 422 1006 illa
443 932 571 1006 edenda
603 932 737 1031 egregie
762 928 806 1002 de
836 926 942 1000 medii
968 926 1043 1003 aeri
1072 924 1170 1024 jurio·

234 1069 411 1172 prudentia
443 1072 603 1145 meruerit
635 1090 960 1146 sannunnauolua·

647 1337 678 1434 e.
724 1333 758 1411 4.

380 1603 440 1672 De
467 1598 690 1693 Regionibus
715 1596 902 1690 Belgicis,
938 1617 1058 1689 quasv

501 1741 660 1810 Saxones
684 1749 908 1809 'tenuerunt
934 1788 935 1793 κ

281 2005 341 2080 Uti
369 2005 404 2078 in
420 1983 588 2077 Francicis
612 2004 808 2100 regionibus
836 2002 1037 2103 Belgicis‚a
1063 2005 1172 2078 Fran-

233 2144 306 2215 cieo
328 2145 417 2239 jure,
432 2143 530 2240 patrii
546 2119 686 2236 juris'et
708 2139 804 2211 initia
828 2153 861 2211 el
883 2142 1089 2215 incrementa
1111 2170 1172 2216 ex-

234 2280 387 2379 plicanda
410 2305 480 2350 esse
497 2276 619 2351 eruditi
637 2274 857 2367 conveniunt,
885 2277 933 2349 ita
953 2291 1040 2351 etex
1063 2279 1173 2352 Saxo*

233 2444 317 2490 num
356 2416 487 2517 legibus
515 2413 754 2518 antiquissimis
787 2440 921 2489 causam
958 2417 1041 2513 juris
1071 2416 1173 2515 patrii

235 2555 451 2627 derivandam
474 2579 564 2640 esse,
591 2553 742 2626 nonnulli
772 2552 1004 2673 crediderunt,
1027 2556 1063 2629 in
1085 2581 1170 2655 pro-

234 2694 378 2780 vinciis,
393 2715 475 2791 quas
499 2689 706 2791 aliquamdiu
733 2717 752 2763 a
776 2689 964 2766 Saxonibus
992 2707 1168 2793 occupatas

238 2845 272 2903 et
291 2854 457 2929 possessas
472 2830 574 2902 luisse
585 2882 596 2919 ‚
611 2854 709 2929 supra
731 2831 936 2906 monuimus.
972 2834 1043 2908 Nec
1056 2844 1172 2911 tamen

234 2995 273 3045 ca
312 2971 391 3042 satis
421 2969 519 3065 ¹firma
555 2994 627 3040 esse
663 2968 760 3042 nobis
796 2967 978 3070 disputatio
1014 2968 1165 3046 videtur?

232 3109 401 3183 Saxonum
426 3111 517 3180 enim
543 3107 595 3180 his
615 3108 650 3180 iu
676 3108 772 3180 torris
796 3110 971 3182 auctoritas
997 3111 1177 3182 saeculum·
1210 3106 1212 3110 ’

233 3273 359 3322 nonum
390 3260 447 3320 aut
475 3246 647 3320 decimum
675 3234 732 3321 vix
757 3244 961 3346 perduravit.
1010 3248 1106 3340 Quae
1128 3245 1173 3319 ab

349 3484 351 3488 Α
1130 3384 1177 3461 il·

238 3511 313 3557 ΒΑΜ.
333 3499 375 3556 Cf.
390 3508 570 3551 annrzrurus
589 3497 612 3547 ll
631 3514 659 3564 p.
675 3513 715 3548 ιο.
731 3508 918 3550 custeranno
937 3497 966 3548 r‘n
982 3497 1074 3569 praes
1098 3493 1173 3565 Cotyi.

228 3593 288 3660 jor.
315 3588 431 3644 German
447 3598 510 3637 anti
533 3588 577 3638 ubi
604 3596 629 3638 et
657 3587 721 3639 haec
744 3590 866 3639 collectio
892 3589 1004 3658 primum
1031 3591 1100 3644 edita
1124 3601 1170 3656 en,

223 3672 365 3729 ''nonuec
394 3678 423 3728 in
450 3677 596 3730 literatura
632 3679 698 3749 juris
724 3680 742 3739 Ι,
775 3678 799 3734 6.
825 3677 900 3744 §.a
930 3684 958 3730 et
983 3690 1045 3737 ran
1073 3694 1172 3744 wlcan
1205 3704 1207 3708 ·

238 3765 402 3840 Vcorberigt
420 3784 485 3823 coer
502 3765 548 3820 liet
569 3767 749 3821 Ocetvricache
769 3767 894 3839 landregt
915 3769 942 3841 §0
963 3782 1007 3828 aa.

757 3855 791 3934 G
