2828 4964
227 359 276 458 76
437 349 670 428 SPECIMEN
688 347 948 448 JURIDICUM

228 556 469 660 intelligimus,
492 579 594 645 nem,
619 567 654 628 et
684 552 773 627 inter
805 554 928 628 liberos
960 555 1074 654 ipsos,
1102 558 1169 632 un

232 698 334 794 longe
366 708 438 769 arnt
464 694 718 795 peregrinorum
747 704 781 763 et
804 692 1005 766 nominatim
1043 694 1169 768 Roma-

233 861 355 911 norum
389 859 491 934 qnam
518 833 722 906 Francorum
755 829 925 923 eonditi03
973 834 1048 905 sive
1086 833 1170 907 dett

233 974 384 1075 quissent
416 971 504 1070 ipsi,
535 971 606 1042 sive
638 967 674 1039 in
704 969 798 1066 ipsos
821 966 985 1041 delictum
1010 973 1174 1053 sommis,

235 1135 310 1182 sum
330 1122 416 1182 esset
436 1104 537 1210 (1)·,
563 1132 602 1177 ac
624 1106 663 1177 in
682 1103 855 1180 homicidii
884 1108 1027 1181 erimine
1058 1107 1174 1206 digni.

235 1249 312 1322 tetis
332 1271 467 1346 qnoque
495 1246 606 1336 illins,
633 1245 693 1343 qui
726 1243 856 1317 ooeisus
885 1258 976 1336 erat,
1006 1246 1086 1322 ratio
1106 1244 1169 1321 hr-

234 1386 377 1466 bebatur
401 1381 488 1484 (2)

285 1527 413 1596 Vemm
430 1522 528 1621 hujus
545 1519 684 1618 quidem
705 1518 912 1593 differentiae
933 1521 984 1595 uti
1001 1524 1089 1597 forte
1117 1547 1172 1597 raa.

237 1663 286 1736 tio
302 1661 438 1759 politica
461 1672 573 1758 potest
601 1658 735 1745 oflerri,
767 1657 861 1757 quod
879 1659 1026 1734 Romani
1047 1661 1175 1738 scilicet

235 1795 328 1895 opud
354 1807 493 1907 gentem
518 1796 690 1872 victricem
729 1821 799 1897 non
825 1796 967 1894 amptius
993 1822 1031 1869 se
1057 1797 1173 1870 domi*

235 1958 297 2018 uos
327 1957 398 2008 esse
421 1931 582 2004 sentirent
607 1944 643 2003 et
669 1931 712 2003 ab
734 1933 827 2005 omni
853 1933 887 2006 vi
909 1942 1024 2006 contra
1057 1934 1172 2008 Fran-

237 2097 295 2145 oos
325 2071 478 2146 Victores
505 2096 546 2142 eo
575 2071 682 2171 magis
717 2095 754 2142 se
781 2070 1005 2163 abstinerent,
1039 2072 1090 2146 ita
1120 2074 1174 2147 nl-.

237 2223 369 2302 terum,
401 2208 494 2310 qnod
518 2208 683 2297 diximus,
712 2210 969 2308 explicationem
991 2223 1031 2296 et
1056 2210 1174 2289 defen·

238 2350 368 2435 sionem
396 2348 496 2446 plane
519 2347 650 2423 nullam
676 2344 847 2438 admittit,
881 2374 993 2449 neque
1022 2352 1174 2448 profecto

237 2486 347 2583 ipsam
373 2485 560 2565 assertionis
591 2485 768 2566 veritatem
800 2487 896 2564 facile
934 2487 1009 2586 quis
1040 2489 1076 2560 in
1103 2487 1173 2560 dn*

238 2620 336 2698 bium
360 2622 549 2711 revocabit,
592 2621 652 2697 ubi
680 2621 823 2711 viderit,
849 2650 919 2700 non
947 2637 1079 2698 tantum
1111 2652 1174 2725 pro

239 2771 392 2857 surrepto
426 2786 508 2836 cene
542 2761 696 2845 venatico.
728 2786 876 2860 poenam
919 2762 1064 2846 dimidio
1099 2791 1174 2865 gra*

241 2895 371 2977 viorem
400 2919 472 2969 esso
505 2920 615 2994 poena
641 2923 705 2994 pro
738 2913 887 2998 surrepta
917 2901 1031 2994 bove,
1059 2929 1173 2981 verum

241 3047 276 3111 et
303 3030 445 3108 eandem
469 3032 569 3130 plane
598 3035 759 3124 muletam
780 3037 857 3138 (3)
887 3064 959 3113 esse
983 3044 1102 3134 illius,
1119 3045 1173 3146 qui

240 3195 358 3246 nasum
387 3169 485 3244 alicui
513 3170 710 3263 absciderit,
746 3201 785 3248 ne
807 3177 922 3267 illius,
948 3181 1010 3278 qui
1044 3181 1175 3267 liberius

240 3334 320 3393 eum
345 3308 491 3408 ingenua
521 3309 644 3403 femina
669 3312 803 3411 egisset.
1092 3324 1177 3422 Μ,

277 3503 332 3572 (ι)
350 3499 415 3552 vid.
437 3502 495 3551 Lex
513 3501 614 3552 'Soliea
640 3502 751 3556 Titftt
785 3507 818 3557 0·
837 3519 901 3574 1·7.

282 3591 336 3658 (a)
358 3590 421 3642 vid.
441 3593 498 3644 Lex
523 3594 617 3644 Solita
641 3593 697 3666 Yet.
717 3594 760 3646 44.
784 3597 811 3646 0·
834 3597 860 3650 5.
879 3607 908 3650 ot
931 3599 990 3656 Tit·
1008 3601 1054 3676 57.
1075 3605 1106 3656 0.
1124 3617 1146 3661 Ι,

276 3680 329 3748 (5)
349 3680 391 3730 Cf.
416 3683 470 3732 Lex
494 3682 588 3741 Salices
612 3682 669 3748 Tit.
687 3682 714 3736 5.
738 3685 767 3752 0,
787 3684 812 3736 5.
844 3685 902 3749 Z'it.
924 3705 951 3759 9·
974 3691 1004 3744 0.
1026 3705 1051 3749 1.
1080 3691 1178 3761 Tit&

244 3768 272 3835 G».
293 3783 319 3831 ’.ε
339 3777 364 3831 et
391 3771 445 3833 ru,
469 3771 510 3835 ὄλ
536 3775 564 3824 0·
587 3774 626 3840 1³,-
933 3768 937 3774 ’
1008 3796 1010 3802 ’
