2828 4964
508 339 924 448 Intoeonann
1151 398 1192 450 n

656 615 685 714 p
735 613 770 685 a

289 851 351 922 De
385 848 492 919 lentie
519 850 727 944 praecipue
756 853 860 925 circo
891 853 1026 921 delicta
1047 856 1138 946 pri,

336 999 424 1061 vota
444 1001 608 1081 propter
632 991 837 1063 admissum
868 992 983 1061 temet
1006 994 1090 1064 ein·

381 1127 503 1203 diotae
525 1102 761 1221 principium
799 1129 923 1221 legum
961 1131 1040 1199 cri.

473 1266 669 1339 minolium
704 1266 948 1353 incrementis,

287 1537 420 1617 Privata
435 1539 556 1615 delicta
578 1541 753 1641 appellari,
777 1569 923 1642 quorum
950 1543 1071 1640 injuria
1094 1568 1183 1642 pro*

238 1678 329 1756 xime
358 1677 401 1751 ad
433 1679 586 1776 privatos
618 1681 784 1777 pertinet,
815 1707 895 1755 cum
920 1680 1040 1755 delicta
1062 1683 1183 1781 publi.

236 1842 274 1888 ca
293 1816 377 1906 sint,
397 1815 523 1918 quibus
537 1817 712 1916 proxime,
734 1821 824 1910 sive,
846 1834 886 1893 ut
902 1821 1008 1920 vulgo
1025 1823 1176 1922 loquun-

237 1969 315 2045 tur,
348 1954 542 2029 immediate
577 1957 649 2056 ipsa
684 1958 823 2033 societas
860 1958 1024 2049 laeditur,
1067 1962 1182 2035 omni-

235 2092 300 2165 bus
327 2106 447 2167 notum
471 2107 539 2183 est,
562 2118 624 2166 nec
647 2095 683 2166 in
706 2096 875 2192 praesenti
899 2097 1074 2169 ciuitatum
1105 2098 1182 2171 Eu„

239 2256 438 2329 ropaearum
467 2228 659 2303 conditione
683 2231 804 2332 aliquis
827 2230 923 2304 facile
959 2230 1182 2324 dubitaverit,

239 2371 323 2471 quin
347 2369 390 2443 de
412 2369 535 2469 pn'mis
564 2369 664 2442 etiam
690 2367 734 2450 ad
753 2370 923 2447 civitatem
940 2370 1088 2469 cognitio
1100 2396 1186 2470 per-

236 2509 361 2600 tineat,
404 2513 565 2610 quoniam
623 2521 756 2607 praeter
797 2508 997 2606 primarium
1038 2511 1182 2585 civitatis

237 2668 379 2746 scopum
403 2649 506 2720 etiam
533 2647 616 2718 alter
645 2644 700 2718 hic
724 2659 792 2737 est,
819 2660 858 2722 ut
881 2649 1076 2721 auctoritate
1112 2673 1182 2746 pu.

236 2785 325 2859 blica
350 2784 473 2884 singoli
500 2809 639 2891 quoquo
666 2799 779 2863 contra
804 2785 1012 2885 singulorum
1040 2788 1179 2895 injurias

236 2922 466 3008 defendantur.

282 3063 351 3148 Sed
388 3064 431 3142 ad
456 3062 704 3164 {infirmissimos
730 3062 823 3163 leges
859 3064 1048 3139 criminales
1076 3089 1179 3157 quam

233 3228 353 3305 parum
378 3207 509 3304 possint
537 3204 595 3279 illa
625 3203 785 3302 applicari
818 3204 1003 3302 principia,
1037 3206 1176 3278 omnino

234 3343 347 3413 omnia
377 3343 516 3432 docent,
560 3366 646 3441 quae
679 3340 721 3412 de
755 3339 887 3440 legibus
909 3341 1116 3440 populorum
1142 3340 1179 3418 in

235 3479 350 3583 pn‘mo
381 3478 441 3550 illo
465 3477 683 3550 humanitatis
704 3475 833 3567 stadio,
863 3476 960 3546 nobis
979 3489 1057 3547 nota
1089 3485 1178 3552 sunt.

233 3619 515 3714 Quantacumque
551 3614 641 3686 enim
674 3616 744 3689 sint
786 3612 998 3703 discrimina,
1032 3615 1179 3714 quaein

231 3758 290 3831 illa
316 3778 431 3828 rerum
457 3750 656 3837 conditione
673 3751 767 3852 apud
782 3750 927 3828 diversas
942 3766 1079 3852 genten,
1102 3768 1178 3842 tum

726 3891 755 3966 C
778 3893 803 3968 3
1111 3891 1182 3973 Cir-t
