2828 4964
241 380 304 456 108
442 377 673 452 SPECIMEN
695 374 954 452 JURIDICUII

235 573 369 668 penitus
384 570 461 642 illae
469 569 674 642 sufficiebant
682 567 724 640 ud
738 569 965 642 innocentiam
979 567 1180 643 defenden-

236 708 334 795 dam,
356 722 388 780 et
404 709 583 807 quominus
598 709 737 805 impune
752 709 785 779 vi
804 722 1030 802 grassarentur
1044 723 1178 808 poten-

237 852 357 932 tiores,
380 872 521 945 quorum
541 848 781 918 acorsutionem
801 845 972 942 suscipere
981 847 1035 921 vix
1051 848 1179 945 aliquis

238 985 399 1071 audebat,
421 986 565 1082 prospici
587 984 641 1054 illa
667 985 793 1054 ratione
816 983 917 1078 plane
932 1009 1001 1057 non
1016 998 1164 1084 poterat.

287 1126 412 1194 Ver-uui
439 1138 515 1194 ante
540 1122 708 1194 saeculum
722 1134 835 1193 tumeo
852 1122 961 1210 XIII,
984 1123 1013 1194 si
1033 1123 1183 1220 quidem

240 1260 284 1332 do
328 1262 440 1332 liberis
488 1260 680 1333 hominibus
733 1285 844 1330 sermo
888 1264 950 1346 sit,
991 1261 1183 1334 invaluisse

240 1399 440 1492 inquisitor-ii
477 1422 651 1496 processus
685 1423 753 1469 nou
795 1396 969 1484 videntur,
1017 1411 1053 1472 et
1081 1399 1180 1471 aini-

240 1541 284 1610 tia
329 1563 465 1623 uorum,
495 1539 577 1631 quin
611 1535 779 1606 (lanouioo
807 1535 869 1630 juri
890 1534 1067 1609 tribuenda
1087 1543 1177 1627 sint,

237 1701 338 1746 nemo
354 1676 449 1745 facile
464 1672 665 1745 dubitaverit
676 1724 686 1759 ,
698 1686 775 1769 post
794 1698 852 1760 ea,
867 1698 953 1771 quae
967 1671 1011 1745 de
1027 1672 1177 1749 hocloco

238 1812 419 1907 disputavit
442 1813 701 1906 Tuonrnsrus(
748 1807 776 1904 )

285 1946 397 2021 Sonicl
412 1963 524 2019 autem
551 1947 745 2019 auctoritate
764 1947 986 2038 Clericorum,
1015 1949 1170 2026 admisso

235 2090 402 2188 principio
415 2084 558 2176 ,deinde
573 2086 717 2183 plurima
728 2085 993 2161 tribunaliaillud
1004 2089 1173 2185 paulatim

236 2227 456 2325 adoptarunt,
479 2238 516 2296 ut
540 2223 680 2294 eandem
704 2249 837 2297 causam
862 2240 897 2298 et
920 2227 1083 2325 originem
1101 2253 1174 2304 nou

236 2378 366 2439 tantum
401 2361 595 2449 habuerint,
632 2387 717 2461 quac
749 2390 769 2432 a
802 2362 933 2438 saeculi
966 2365 1057 2436 XIII
1075 2368 1174 2443 initio

232 2503 335 2590 inde,
350 2526 456 2598 usque
471 2499 513 2571 ad
531 2522 717 2574 canuntur
732 2522 993 2598 QU1un1m,per
1010 2528 1172 2601 maguam

232 2637 432 2711 Germaniae
448 2649 578 2735 partem
593 2638 823 2710 auctoritatem
841 2655 1058 2713 exercuerunt
1075 2642 1173 2738 judi.

233 2781 283 2849 cia
302 2776 527 2873 Westphulica
540 2788 663 2847 secreta
678 2772 695 2874 (
712 2798 731 2845 2
745 2773 776 2868 );
801 2800 920 2846 verum
930 2791 964 2849 et
976 2777 1019 2849 ab
1032 2777 1097 2853 hoc
1113 2782 1171 2855 in-

230 2911 274 2984 de
286 2925 460 3010 tempore,
476 2911 625 2983 moribus
642 2912 772 2988 erratio
786 2914 876 3010 apud
891 2940 953 2989 nos
969 2917 1166 3010 invaluerit,

230 3051 402 3127 indelicta
423 3047 668 3151 inquirentibus
687 3047 859 3123 Comitum
881 3054 1050 3128 officiariis
1061 3107 1072 3145 ‚
1108 3060 1171 3158 qui

1114 3195 1173 3271 di..

270 3326 323 3397 (ι)
353 3328 415 3382 riu.
437 3324 552 3380 Discert.
578 3325 611 3376 de
639 3324 744 3394 origine
770 3327 915 3379 Proeeerue
940 3331 1113 3402 inquisitorii
1137 3337 1168 3387 in

237 3417 297 3472 rol.
322 3415 365 3468 111
396 3425 424 3466 at
443 3415 547 3466 dircen.
568 3414 713 3465 academie.
729 3431 760 3482 p.
783 3415 834 3467 420
848 3426 875 3467 rt
893 3435 969 3490 seqq.

226 3514 231 3519 “
270 3510 322 3576 (a)
341 3507 496 3558 Describeru
517 3523 571 3557 non
589 3505 693 3558 lubuit»
720 3523 786 3574 quae
805 3508 839 3559 de
860 3506 905 3559 Iris
921 3512 1030 3578 judicii·
1047 3513 1168 3568 uocuu

234 3607 354 3650 accurate
368 3599 651 3667 disputatrrtoutasmr
661 3634 669 3661 ,
679 3598 707 3648 in
726 3597 908 3650 dissertatione
920 3602 952 3650 de
966 3602 1090 3670 origine,
1114 3620 1168 3654 no-

224 3680 313 3738 'turar
329 3706 469 3754 progressu
490 3699 518 3738 et
538 3688 650 3738 imeritu
658 3688 822 3754 judr‘ciorum
838 3690 1072 3756 westphalioorum
1083 3695 1169 3760 5imae

228 3773 303 3824 Dirc.
324 3777 412 3833 Acad.
437 3775 499 3834 rol.
521 3774 573 3829 111.
588 3794 621 3851 p.
638 3776 700 3848 472·
719 3785 746 3827 ot
766 3787 914 3849 requenter.
