2828 4964
274 303 299 321 ²
338 304 789 438 ruauouuanu
975 301 1023 408 sq

83 510 163 584 tum
178 512 324 585 *nullum
352 512 620 606 cognitum‘est,
651 541 719 612 qno
745 514 907 589 affirmans
941 514 1020 591 vol-

89 651 178 748 garis
203 652 366 722 sententia
390 654 468 725 satis
491 651 671 750 probetur,
703 653 731 724 si
757 652 800 726 ad
828 654 1018 726 Francioam

90 801 233 859 aetatem
279 814 416 861 examen
460 791 699 897 restringamus
745 787 831 890 (r).
899 789 1020 864 Omnia

88 927 184 997 ,enim
221 953 306 1025 quae
339 926 382 1000 ad
419 934 529 1026 partes
560 926 616 1000 hic
651 941 811 1002 vocantur
842 928 952 1026 magis
980 926 1022 1002 ad

93 1061 290 1156 Gothicum,
309 1092 409 1167 quam
424 1065 622 1138 Francicum
641 1066 821 1166 imperium
835 1067 1023 1166 pertinent,

90 1215 126 1273 et
146 1227 186 1273 ex
215 1203 254 1275 iis
275 1207 445 1302 profecto,
476 1230 562 1304 quae
585 1218 660 1302 post
683 1217 859 1304 occupatas
877 1232 896 1276 a
915 1204 1022 1276 Frau-

91 1339 139 1410 cis
165 1340 324 1436 plurimas
346 1340 625 1438 Ostrogothorum
657 1355 691 1414 et
709 1340 964 1441 visigothorum
986 1342 1022 1413 iu

93 1475 202 1548 Gallia
239 1490 272 1549 et
296 1479 331 1549 in
362 1478 455 1551 Italia
480 1451 649 1576 regiones,
684 1477 726 1550 de
752 1479 882 1550 illarum
910 1477 1024 1575 regio-

92 1640 179 1685 num
199 1614 388 1688 Comitibus
418 1616 636 1716 Ducibusque
652 1617 827 1690 traduntur
853 1615 947 1713 (2),
978 1613 1021 1688 ad

89 1754 292 1826 Francorum
324 1754 360 1826 in
397 1754 575 1826 Germania
612 1756 759 1827 inferiori
789 1749 1017 1853 possessiones

88 1891 239 1965 concludi
257 1919 325 1965 non
346 1907 496 1992 possunt.
531 1896 649 1990 Neque
675 1894 746 1992 ipsa
768 1891 853 1965 adeo
868 1877 941 1966 loca
964 1893 1019 1964 le-

86 2056 168 2128 gum
191 2032 425 2130 antiquarum,
449 2057 490 2101 ex
509 2029 633 2127 quibus
651 2034 723 2125 jura
749 2031 897 2101 Romana
915 2031 1018 2107 etiam

87 2170 152 2240 illis
179 2168 215 2239 iu
239 2166 432 2264 regionibus
463 2166 595 2264 cognita
624 2166 725 2235 fuisse
750 2167 899 2260 nonnulli
932 2169 1017 2240 effe-

79 2317 223 2391 -cerunt,
243 2301 314 2403 (5)
337 2328 398 2375 nos
415 2316 571 2393 movent,
600 2315 637 2375 ut
663 2301 705 2373 ab
729 2301 887 2399 opinione
909 2318 1024 2379 nostra

86 2442 291 2519 recedamus.
339 2442 522 2543 Cognitum
546 2442 635 2514 enim
657 2442 708 2536 jus
731 2441 923 2513 Romanum
946 2466 1019 2517 esse

87 2583 219 2680 potuit,
252 2594 433 2679 antequam
453 2578 624 2677 obligandi
650 2578 721 2652 vim
739 2577 885 2654 haberet.
923 2580 968 2653 Et
984 2585 1015 2658 si
1058 2566 1062 2573 .

87 2719 220 2818 probari
247 2721 347 2790 etiam
371 2730 484 2816 posset
506 2740 620 2792 revera
645 2742 686 2788 ex
710 2719 783 2813 jure
805 2718 958 2792 Romano
980 2722 1017 2795 iu

78 2871 212 2931 nostras
226 2858 318 2956 leges
343 2883 380 2931 ee
398 2857 469 2930 loca
486 2856 676 2945 transiisse,
707 2879 770 2948 qua
790 2854 826 2928 iu
844 2882 881 2929 re
897 2883 1018 2959 magna

78 3023 169 3096 ‚opus
193 3022 272 3070 esse·
286 2996 463 3096 prudentia
482 2998 549 3094 jam
569 3021 669 3094 supra
700 2995 893 3069 monuimus
918 2995 1017 3096 (4),

963 3137 1019 3211 vat

121 3296 173 3363 (ι)
192 3295 255 3346 Post
277 3312 306 3345 aa
323 3305 593 3363 qnaewaouuaurua
613 3293 692 3346 habat
706 3293 769 3348 Vol.
790 3294 819 3346 11
840 3311 866 3362 p.
890 3293 1016 3358 1⁸‚em

86 3387 238 3439 sententiam
264 3387 338 3434 multi
359 3388 526 3450 repetierunt.
665 3380 666 3383 Ἴ
703 3386 704 3389 '

125 3473 176 3538 (α)
195 3473 280 3522 Valde
294 3472 419 3536 imprimis
434 3471 501 3523 haec
521 3472 670 3524 observatio
691 3471 796 3523 videtur
816 3471 951 3523 contraria
965 3470 1015 3531 iia,

87 3562 191 3632 quanti.
203 3567 295 3610 narrat
308 3571 503 3612 waouuanrus
511 3577 543 3609 ox
558 3573 714 3612 urucnsno
720 3563 926 3630 deputetuReg.
934 3561 965 3614 C.
975 3564 1013 3622 ιδ.

122 3647 177 3718 (5)
194 3643 237 3698 si.
263 3659 425 3725 uuucuanr
445 3649 553 3704 exarcit.
574 3650 661 3703 Acad.
681 3651 709 3701 I.
728 3668 758 3721 p.
778 3651 803 3705 6.
825 3652 942 3732 er'aeqq.

120 3739 176 3812 (4)
196 3735 239 3796 Cf.
258 3736 341 3806 Sapra
360 3753 417 3808 pag.
437 3736 482 3793 44.

600 3828 636 3910 H
