2828 4964
318 1006 379 1079 Do
416 1010 524 1079 initio
557 1021 595 1077 et
634 1011 848 1099 Progressa
889 1009 1099 1080 Processu:

580 1147 821 1243 inquisitor-ii.

282 1450 446 1544 Quamvis
475 1463 587 1523 autem
617 1447 665 1522 sic
691 1446 854 1546 paulatim
883 1473 1004 1548 graves
1035 1449 1170 1524 omnino

234 1591 482 1663 emendationes
498 1588 715 1676 invaluerint,
728 1587 960 1685 gravissimam
970 1600 1088 1663 tamen
1096 1615 1171 1663 mu·

235 1728 394 1799 tationem
415 1728 451 1797 iu
472 1730 543 1819 jure
565 1725 730 1797 criminali
755 1728 827 1796 sine
843 1724 948 1799 dubio
973 1729 1171 1818 retuderunt,

234 1886 318 1959 quae
347 1859 408 1931 hac
434 1859 544 1932 media
570 1874 677 1934 aetate
697 1863 862 1962 imprimis
891 1864 1106 1936 invaluerunt
1132 1874 1166 1936 et

232 2001 434 2073 incrementa
456 2012 618 2097 cepemnt
631 2024 808 2098 processus
822 1998 1002 2074 criminales
1016 2001 1163 2100 inquisi-

231 2138 329 2228 torii,
353 2151 391 2211 ut
417 2137 461 2213 te
479 2136 539 2233 his
555 2164 644 2210 nunc
661 2162 767 2237 pauca
789 2137 937 2229 addere,
957 2139 1094 2213 omniuo
1110 2140 1167 2215 in-

234 2276 342 2353 stituti
364 2277 447 2351 ratio
474 2276 595 2376 exigat

276 2413 378 2511 Apud
392 2439 509 2490 omnes
520 2414 589 2487 fera
610 2415 815 2515 antiquiores
834 2429 975 2516 gentes,
988 2418 1169 2490 acuusatio·

229 2575 310 2625 nem
343 2552 497 2627 omnium
525 2553 595 2626 sere
619 2551 825 2651 judiciorum
848 2554 1075 2629 oriminaiiom
1102 2554 1171 2628 iui-

228 2691 315 2762 tium
328 2690 450 2777 fuisse,
467 2690 579 2791 plures
594 2689 842 2791 observarunt(
859 2691 978 2788 1),de
993 2692 1167 2784 Hebraeis,

230 2846 406 2900 arsamus
443 2829 537 2925 (o);
570 2828 614 2902 de
641 2828 795 2918 Graecis,
828 2852 1052 2905 raomasros
1086 2829 1169 2932 (ὅ)

233 2961 271 3036 Si
300 2988 380 3037 vero
403 2963 447 3036 de
480 2964 640 3037 Romanis
664 2965 830 3041 dubitatio
863 2991 937 3065 esse
969 2971 1097 3068 possit,
1126 2968 1167 3044 ati

232 3102 417 3177 totendm
436 3101 682 3178 dubitationem
704 3105 760 3180 vei
782 3105 851 3177 sola
869 3107 1051 3180 auctoritas
1067 3132 1168 3184 oros-

1100 3271 1165 3322 ao·

270 3421 324 3492 (ι)
343 3418 385 3476 ct
408 3420 454 3491 qui
475 3419 508 3471 de
528 3418 579 3473 hoe
602 3422 665 3477 loco
689 3422 818 3491 imprimis
838 3423 904 3476 berra
925 3423 1034 3478 meritur
1056 3434 1095 3480 est
1123 3440 1165 3481 eu.

233 3519 397 3565 womarus
414 3513 443 3562 in
462 3513 525 3568 dise.
545 3512 577 3563 de
601 3512 705 3580 arigim
729 3528 882 3580 progressus
905 3513 1090 3584 inquisitorii·

271 3602 328 3670 (α)
345 3604 389 3652 Du
410 3600 562 3672 Republica
584 3599 712 3650 Hebraea
732 3599 796 3650 Lib.
819 3596 871 3659 VI.
896 3601 924 3650 0.
945 3617 973 3672 7.
992 3601 1039 3660 Cf.
1060 3618 1168 3662 nnn·

235 3695 304 3737 ΜΝ.
326 3689 402 3745 xlx,
425 3708 463 3742 va.
487 3708 517 3760 ¹7
538 3698 564 3742 et
586 3688 676 3743 XXV.
695 3705 732 3746 ve.
757 3707 782 3742 ι.

272 3771 325 3840 (5)
344 3779 381 3828 In
393 3779 583 3832 dissertatione
603 3778 719 3832 laudata
733 3783 759 3850 5.
774 3763 807 3831 33
828 3786 856 3832 et
868 3776 909 3836 5ss
