<?xml version="1.0" encoding="UTF-8"?>
<!DOCTYPE html PUBLIC "-//W3C//DTD XHTML 1.0 Transitional//EN"
    "http://www.w3.org/TR/xhtml1/DTD/xhtml1-transitional.dtd">
<html xmlns="http://www.w3.org/1999/xhtml" xml:lang="en" lang="en">
 <head>
  <title>
</title>
<meta http-equiv="Content-Type" content="text/html;charset=utf-8" />
  <meta name='ocr-system' content='tesseract 3.04.00' />
  <meta name='ocr-capabilities' content='ocr_page ocr_carea ocr_par ocr_line ocrx_word'/>
</head>
<body>
  <div class='ocr_page' id='page_1' title='image "./specimenjuridic00unkngoog_0092.png"; bbox 0 0 2828 4964; ppageno 0'>
   <div class='ocr_carea' id='block_1_1' title="bbox 493 301 1178 450">
    <p class='ocr_par' dir='ltr' id='par_1_1' title="bbox 493 301 1178 450">
     <span class='ocr_line' id='line_1_1' title="bbox 493 301 1178 450; baseline 0.006 -26"><span class='ocrx_word' id='word_1_1' title='bbox 493 301 913 434; x_wconf 71' lang='lat' dir='ltr'>rrauouraua,</span> <span class='ocrx_word' id='word_1_2' title='bbox 1133 367 1178 450; x_wconf 55' lang='grc' dir='ltr'>γε</span> 
     </span>
    </p>
   </div>
   <div class='ocr_carea' id='block_1_2' title="bbox 623 671 772 770">
    <p class='ocr_par' dir='ltr' id='par_1_2' title="bbox 623 671 772 770">
     <span class='ocr_line' id='line_1_2' title="bbox 623 671 772 770; baseline -0.007 -42"><span class='ocrx_word' id='word_1_3' title='bbox 623 671 691 770; x_wconf 83' lang='lat'>·§.</span> <span class='ocrx_word' id='word_1_4' title='bbox 737 697 772 748; x_wconf 76' lang='lat'>2,</span> 
     </span>
    </p>
   </div>
   <div class='ocr_carea' id='block_1_3' title="bbox 270 959 1163 1200">
    <p class='ocr_par' dir='ltr' id='par_1_3' title="bbox 270 959 1163 1200">
     <span class='ocr_line' id='line_1_3' title="bbox 270 959 1163 1061; baseline -0.003 -22"><span class='ocrx_word' id='word_1_5' title='bbox 270 962 333 1039; x_wconf 78' lang='lat' dir='ltr'>&#39;De</span> <span class='ocrx_word' id='word_1_6' title='bbox 359 965 631 1061; x_wconf 75' lang='lat' dir='ltr'>singularibus,</span> <span class='ocrx_word' id='word_1_7' title='bbox 675 988 836 1061; x_wconf 82' lang='lat' dir='ltr'>quorum</span> <span class='ocrx_word' id='word_1_8' title='bbox 863 965 903 1036; x_wconf 83' lang='lat' dir='ltr'>in</span> <span class='ocrx_word' id='word_1_9' title='bbox 933 964 1015 1060; x_wconf 75' lang='lat' dir='ltr'>Iege</span> <span class='ocrx_word' id='word_1_10' title='bbox 1036 959 1163 1037; x_wconf 78' lang='lat' dir='ltr'>Saliae</span> 
     </span>
     <span class='ocr_line' id='line_1_4' title="bbox 411 1105 1005 1200; baseline 0.008 -23"><span class='ocrx_word' id='word_1_11' title='bbox 411 1107 545 1178; x_wconf 83' lang='lat' dir='ltr'>mentio</span> <span class='ocrx_word' id='word_1_12' title='bbox 564 1106 632 1197; x_wconf 77' lang='lat' dir='ltr'>fit,</span> <span class='ocrx_word' id='word_1_13' title='bbox 655 1105 799 1176; x_wconf 81' lang='lat' dir='ltr'>delictis</span> <span class='ocrx_word' id='word_1_14' title='bbox 814 1116 850 1177; x_wconf 83' lang='lat' dir='ltr'>et</span> <span class='ocrx_word' id='word_1_15' title='bbox 862 1106 1005 1200; x_wconf 80' lang='lat' dir='ltr'>poenis.</span> 
     </span>
    </p>
   </div>
   <div class='ocr_carea' id='block_1_4' title="bbox 231 1374 1208 3936">
    <p class='ocr_par' dir='ltr' id='par_1_4' title="bbox 236 1351 1208 3410">
     <span class='ocr_line' id='line_1_5' title="bbox 292 1374 1208 1487; baseline 0.003 -36"><span class='ocrx_word' id='word_1_16' title='bbox 292 1374 518 1487; x_wconf 84' lang='lat' dir='ltr'>Praecipuum</span> <span class='ocrx_word' id='word_1_17' title='bbox 548 1405 689 1480; x_wconf 87' lang='lat' dir='ltr'>scopum</span> <span class='ocrx_word' id='word_1_18' title='bbox 713 1381 799 1482; x_wconf 87' lang='lat' dir='ltr'>legis</span> <span class='ocrx_word' id='word_1_19' title='bbox 829 1379 958 1455; x_wconf 76' lang='lat' dir='ltr'>Saliene</span> <span class='ocrx_word' id='word_1_20' title='bbox 994 1380 1045 1454; x_wconf 87' lang='lat' dir='ltr'>uti</span> <span class='ocrx_word' id='word_1_21' title='bbox 1080 1379 1208 1454; x_wconf 79' lang='lat' dir='ltr'>fuisso·</span> 
     </span>
     <span class='ocr_line' id='line_1_6' title="bbox 243 1515 1183 1623; baseline 0.003 -34"><span class='ocrx_word' id='word_1_22' title='bbox 243 1515 413 1605; x_wconf 81' lang='lat' dir='ltr'>diximus,</span> <span class='ocrx_word' id='word_1_23' title='bbox 444 1517 612 1594; x_wconf 85' lang='lat' dir='ltr'>vindictae</span> <span class='ocrx_word' id='word_1_24' title='bbox 625 1521 775 1618; x_wconf 82' lang='lat' dir='ltr'>privatae</span> <span class='ocrx_word' id='word_1_25' title='bbox 790 1519 934 1623; x_wconf 89' lang='lat' dir='ltr'>modum</span> <span class='ocrx_word' id='word_1_26' title='bbox 951 1544 1098 1618; x_wconf 88' lang='lat' dir='ltr'>ponere,</span> <span class='ocrx_word' id='word_1_27' title='bbox 1120 1544 1183 1592; x_wconf 85' lang='lat' dir='ltr'>ac·</span> 
     </span>
     <span class='ocr_line' id='line_1_7' title="bbox 243 1656 1177 1765; baseline 0.002 -38"><span class='ocrx_word' id='word_1_28' title='bbox 243 1656 420 1755; x_wconf 82' lang='lat' dir='ltr'>tionesque</span> <span class='ocrx_word' id='word_1_29' title='bbox 446 1682 485 1730; x_wconf 85' lang='lat' dir='ltr'>ex</span> <span class='ocrx_word' id='word_1_30' title='bbox 505 1656 636 1731; x_wconf 84' lang='lat' dir='ltr'>delictis</span> <span class='ocrx_word' id='word_1_31' title='bbox 659 1657 803 1765; x_wconf 79' lang='lat' dir='ltr'>privatas</span> <span class='ocrx_word' id='word_1_32' title='bbox 826 1656 984 1748; x_wconf 85' lang='lat' dir='ltr'>definire,</span> <span class='ocrx_word' id='word_1_33' title='bbox 1018 1659 1064 1733; x_wconf 89' lang='lat' dir='ltr'>ita</span> <span class='ocrx_word' id='word_1_34' title='bbox 1087 1656 1177 1730; x_wconf 86' lang='lat' dir='ltr'>hune</span> 
     </span>
     <span class='ocr_line' id='line_1_8' title="bbox 236 1794 1175 1896; baseline 0.002 -30"><span class='ocrx_word' id='word_1_35' title='bbox 236 1818 381 1892; x_wconf 83' lang='lat' dir='ltr'>scopum</span> <span class='ocrx_word' id='word_1_36' title='bbox 405 1795 580 1894; x_wconf 74' lang='lat' dir='ltr'>cogitanti,</span> <span class='ocrx_word' id='word_1_37' title='bbox 611 1796 737 1869; x_wconf 88' lang='lat' dir='ltr'>nemini</span> <span class='ocrx_word' id='word_1_38' title='bbox 752 1797 878 1870; x_wconf 86' lang='lat' dir='ltr'>mirum</span> <span class='ocrx_word' id='word_1_39' title='bbox 897 1797 1049 1896; x_wconf 85' lang='lat' dir='ltr'>profecto</span> <span class='ocrx_word' id='word_1_40' title='bbox 1073 1794 1175 1872; x_wconf 81' lang='lat' dir='ltr'>ride-</span> 
     </span>
     <span class='ocr_line' id='line_1_9' title="bbox 242 1932 1175 2034; baseline 0.002 -30"><span class='ocrx_word' id='word_1_41' title='bbox 242 1932 353 2022; x_wconf 85' lang='lat' dir='ltr'>bitur,</span> <span class='ocrx_word' id='word_1_42' title='bbox 377 1935 412 2006; x_wconf 87' lang='lat' dir='ltr'>iu</span> <span class='ocrx_word' id='word_1_43' title='bbox 440 1933 618 2023; x_wconf 86' lang='lat' dir='ltr'>omnihus,</span> <span class='ocrx_word' id='word_1_44' title='bbox 645 1933 771 2031; x_wconf 87' lang='lat' dir='ltr'>quihus</span> <span class='ocrx_word' id='word_1_45' title='bbox 798 1934 947 2034; x_wconf 88' lang='lat' dir='ltr'>capitalis</span> <span class='ocrx_word' id='word_1_46' title='bbox 972 1960 1083 2034; x_wconf 89' lang='lat' dir='ltr'>poena</span> <span class='ocrx_word' id='word_1_47' title='bbox 1104 1959 1175 2006; x_wconf 86' lang='lat' dir='ltr'>non</span> 
     </span>
     <span class='ocr_line' id='line_1_10' title="bbox 239 2070 1175 2167; baseline 0.002 -25"><span class='ocrx_word' id='word_1_48' title='bbox 239 2072 418 2159; x_wconf 75' lang='lat' dir='ltr'>statuitur,</span> <span class='ocrx_word' id='word_1_49' title='bbox 448 2070 578 2143; x_wconf 86' lang='lat' dir='ltr'>delictis</span> <span class='ocrx_word' id='word_1_50' title='bbox 604 2071 713 2141; x_wconf 87' lang='lat' dir='ltr'>nullas</span> <span class='ocrx_word' id='word_1_51' title='bbox 740 2070 879 2141; x_wconf 91' lang='lat' dir='ltr'>omuino</span> <span class='ocrx_word' id='word_1_52' title='bbox 907 2084 1040 2166; x_wconf 84' lang='lat' dir='ltr'>praeter</span> <span class='ocrx_word' id='word_1_53' title='bbox 1067 2094 1175 2167; x_wconf 79' lang='lat' dir='ltr'>pecu-</span> 
     </span>
     <span class='ocr_line' id='line_1_11' title="bbox 239 2204 1175 2305; baseline 0 -27"><span class='ocrx_word' id='word_1_54' title='bbox 239 2206 362 2278; x_wconf 89' lang='lat' dir='ltr'>niarias</span> <span class='ocrx_word' id='word_1_55' title='bbox 388 2230 514 2305; x_wconf 86' lang='lat' dir='ltr'>poenas</span> <span class='ocrx_word' id='word_1_56' title='bbox 546 2205 725 2294; x_wconf 88' lang='lat' dir='ltr'>coustitui;</span> <span class='ocrx_word' id='word_1_57' title='bbox 751 2217 785 2277; x_wconf 87' lang='lat' dir='ltr'>et</span> <span class='ocrx_word' id='word_1_58' title='bbox 811 2228 910 2293; x_wconf 80' lang='lat' dir='ltr'>saue,</span> <span class='ocrx_word' id='word_1_59' title='bbox 929 2205 990 2302; x_wconf 90' lang='lat' dir='ltr'>qui</span> <span class='ocrx_word' id='word_1_60' title='bbox 1012 2204 1175 2300; x_wconf 84' lang='lat' dir='ltr'>quadrin-</span> 
     </span>
     <span class='ocr_line' id='line_1_12' title="bbox 240 2339 1177 2445; baseline 0 -29"><span class='ocrx_word' id='word_1_61' title='bbox 240 2357 360 2442; x_wconf 85' lang='lat' dir='ltr'>gentas</span> <span class='ocrx_word' id='word_1_62' title='bbox 378 2345 560 2445; x_wconf 89' lang='lat' dir='ltr'>quantitate</span> <span class='ocrx_word' id='word_1_63' title='bbox 589 2342 737 2420; x_wconf 79' lang='lat' dir='ltr'>diversas</span> <span class='ocrx_word' id='word_1_64' title='bbox 769 2341 910 2418; x_wconf 81' lang='lat' dir='ltr'>mulctas</span> <span class='ocrx_word' id='word_1_65' title='bbox 937 2339 1111 2442; x_wconf 83' lang='lat' dir='ltr'>collegerit</span> <span class='ocrx_word' id='word_1_66' title='bbox 1141 2354 1177 2416; x_wconf 86' lang='lat' dir='ltr'>et</span> 
     </span>
     <span class='ocr_line' id='line_1_13' title="bbox 237 2478 1177 2580; baseline -0.004 -24"><span class='ocrx_word' id='word_1_67' title='bbox 237 2481 425 2556; x_wconf 88' lang='lat' dir='ltr'>secundum</span> <span class='ocrx_word' id='word_1_68' title='bbox 451 2481 649 2557; x_wconf 86' lang='lat' dir='ltr'>delicturum</span> <span class='ocrx_word' id='word_1_69' title='bbox 674 2480 795 2554; x_wconf 86' lang='lat' dir='ltr'>classes</span> <span class='ocrx_word' id='word_1_70' title='bbox 820 2494 922 2578; x_wconf 87' lang='lat' dir='ltr'>atque</span> <span class='ocrx_word' id='word_1_71' title='bbox 948 2480 1076 2580; x_wconf 87' lang='lat' dir='ltr'>species</span> <span class='ocrx_word' id='word_1_72' title='bbox 1100 2478 1177 2554; x_wconf 77' lang='lat' dir='ltr'>alis-</span> 
     </span>
     <span class='ocr_line' id='line_1_14' title="bbox 236 2615 1170 2720; baseline -0.001 -25"><span class='ocrx_word' id='word_1_73' title='bbox 236 2623 405 2720; x_wconf 85' lang='lat' dir='ltr'>posuerit,</span> <span class='ocrx_word' id='word_1_74' title='bbox 419 2619 556 2694; x_wconf 86' lang='lat' dir='ltr'>habebit</span> <span class='ocrx_word' id='word_1_75' title='bbox 574 2621 605 2692; x_wconf 92' lang='lat' dir='ltr'>is</span> <span class='ocrx_word' id='word_1_76' title='bbox 625 2619 799 2709; x_wconf 89' lang='lat' dir='ltr'>omnium,</span> <span class='ocrx_word' id='word_1_77' title='bbox 820 2617 959 2719; x_wconf 87' lang='lat' dir='ltr'>quaein</span> <span class='ocrx_word' id='word_1_78' title='bbox 985 2619 1061 2719; x_wconf 88' lang='lat' dir='ltr'>lege</span> <span class='ocrx_word' id='word_1_79' title='bbox 1080 2615 1170 2694; x_wconf 88' lang='lat' dir='ltr'>Sali-</span> 
     </span>
     <span class='ocr_line' id='line_1_15' title="bbox 239 2757 1171 2859; baseline 0 -30"><span class='ocrx_word' id='word_1_80' title='bbox 239 2783 278 2829; x_wconf 85' lang='lat' dir='ltr'>ea</span> <span class='ocrx_word' id='word_1_81' title='bbox 297 2757 532 2847; x_wconf 87' lang='lat' dir='ltr'>inveniuntur,</span> <span class='ocrx_word' id='word_1_82' title='bbox 555 2779 742 2856; x_wconf 85' lang='lat' dir='ltr'>poenarum</span> <span class='ocrx_word' id='word_1_83' title='bbox 763 2758 973 2858; x_wconf 82' lang='lat' dir='ltr'>catalogum,</span> <span class='ocrx_word' id='word_1_84' title='bbox 989 2782 1076 2859; x_wconf 84' lang='lat' dir='ltr'>quae</span> <span class='ocrx_word' id='word_1_85' title='bbox 1091 2758 1171 2858; x_wconf 88' lang='lat' dir='ltr'>qui-</span> 
     </span>
     <span class='ocr_line' id='line_1_16' title="bbox 239 2893 1172 2998; baseline 0.003 -30"><span class='ocrx_word' id='word_1_86' title='bbox 239 2893 319 2970; x_wconf 88' lang='lat' dir='ltr'>dem</span> <span class='ocrx_word' id='word_1_87' title='bbox 356 2895 470 2969; x_wconf 84' lang='lat' dir='ltr'>liberis</span> <span class='ocrx_word' id='word_1_88' title='bbox 506 2894 700 2971; x_wconf 88' lang='lat' dir='ltr'>homiuibus</span> <span class='ocrx_word' id='word_1_89' title='bbox 732 2895 987 2998; x_wconf 83' lang='lat' dir='ltr'>infligebantur3</span> <span class='ocrx_word' id='word_1_90' title='bbox 1027 2923 1106 2972; x_wconf 88' lang='lat' dir='ltr'>uam</span> <span class='ocrx_word' id='word_1_91' title='bbox 1134 2899 1172 2971; x_wconf 87' lang='lat' dir='ltr'>iu</span> 
     </span>
     <span class='ocr_line' id='line_1_17' title="bbox 237 3034 1173 3136; baseline -0.002 -30"><span class='ocrx_word' id='word_1_92' title='bbox 237 3035 342 3110; x_wconf 90' lang='lat' dir='ltr'>servis</span> <span class='ocrx_word' id='word_1_93' title='bbox 367 3059 438 3108; x_wconf 90' lang='lat' dir='ltr'>uon</span> <span class='ocrx_word' id='word_1_94' title='bbox 459 3048 590 3111; x_wconf 88' lang='lat' dir='ltr'>tautum</span> <span class='ocrx_word' id='word_1_95' title='bbox 613 3036 790 3136; x_wconf 83' lang='lat' dir='ltr'>capitales,</span> <span class='ocrx_word' id='word_1_96' title='bbox 823 3034 885 3108; x_wconf 87' lang='lat' dir='ltr'>sed</span> <span class='ocrx_word' id='word_1_97' title='bbox 920 3049 954 3108; x_wconf 88' lang='lat' dir='ltr'>et</span> <span class='ocrx_word' id='word_1_98' title='bbox 984 3035 1173 3133; x_wconf 85' lang='lat' dir='ltr'>corporales</span> 
     </span>
     <span class='ocr_line' id='line_1_18' title="bbox 237 3171 1171 3275; baseline -0.003 -31"><span class='ocrx_word' id='word_1_99' title='bbox 237 3175 316 3247; x_wconf 85' lang='lat' dir='ltr'>satis</span> <span class='ocrx_word' id='word_1_100' title='bbox 338 3199 469 3250; x_wconf 84' lang='lat' dir='ltr'>severas</span> <span class='ocrx_word' id='word_1_101' title='bbox 490 3174 709 3275; x_wconf 76' lang='lat' dir='ltr'>crudelesque</span> <span class='ocrx_word' id='word_1_102' title='bbox 726 3197 851 3272; x_wconf 83' lang='lat' dir='ltr'>poenas</span> <span class='ocrx_word' id='word_1_103' title='bbox 866 3172 980 3246; x_wconf 84' lang='lat' dir='ltr'>locum</span> <span class='ocrx_word' id='word_1_104' title='bbox 996 3171 1171 3260; x_wconf 88' lang='lat' dir='ltr'>habuisse,</span> 
     </span>
     <span class='ocr_line' id='line_1_19' title="bbox 237 3310 1003 3410; baseline 0.005 -30"><span class='ocrx_word' id='word_1_105' title='bbox 237 3313 306 3405; x_wconf 88' lang='lat' dir='ltr'>jam</span> <span class='ocrx_word' id='word_1_106' title='bbox 332 3310 542 3407; x_wconf 82' lang='lat' dir='ltr'>prueoedeuti</span> <span class='ocrx_word' id='word_1_107' title='bbox 563 3310 770 3410; x_wconf 86' lang='lat' dir='ltr'>paragrapho</span> <span class='ocrx_word' id='word_1_108' title='bbox 798 3313 1003 3384; x_wconf 86' lang='lat' dir='ltr'>monuimus.</span> 
     </span>
    </p>

    <p class='ocr_par' dir='ltr' id='par_1_5' title="bbox 231 3444 1189 3846">
     <span class='ocr_line' id='line_1_20' title="bbox 286 3444 1170 3546; baseline 0 -30"><span class='ocrx_word' id='word_1_109' title='bbox 286 3444 376 3516; x_wconf 90' lang='lat' dir='ltr'>Cum</span> <span class='ocrx_word' id='word_1_110' title='bbox 396 3458 510 3517; x_wconf 86' lang='lat' dir='ltr'>autem</span> <span class='ocrx_word' id='word_1_111' title='bbox 527 3447 623 3518; x_wconf 80' lang='lat' dir='ltr'>facile</span> <span class='ocrx_word' id='word_1_112' title='bbox 646 3448 790 3546; x_wconf 85' lang='lat' dir='ltr'>quisque</span> <span class='ocrx_word' id='word_1_113' title='bbox 810 3446 996 3544; x_wconf 86' lang='lat' dir='ltr'>intelligat,</span> <span class='ocrx_word' id='word_1_114' title='bbox 1019 3445 1170 3540; x_wconf 81' lang='lat' dir='ltr'>ejusmo-</span> 
     </span>
     <span class='ocr_line' id='line_1_21' title="bbox 236 3580 1168 3683; baseline 0 -27"><span class='ocrx_word' id='word_1_115' title='bbox 236 3582 275 3656; x_wconf 88' lang='lat' dir='ltr'>di</span> <span class='ocrx_word' id='word_1_116' title='bbox 303 3581 491 3680; x_wconf 85' lang='lat' dir='ltr'>catalogum</span> <span class='ocrx_word' id='word_1_117' title='bbox 516 3605 587 3664; x_wconf 86' lang='lat' dir='ltr'>uoo</span> <span class='ocrx_word' id='word_1_118' title='bbox 609 3582 718 3683; x_wconf 87' lang='lat' dir='ltr'>magis</span> <span class='ocrx_word' id='word_1_119' title='bbox 739 3607 842 3682; x_wconf 89' lang='lat' dir='ltr'>quam</span> <span class='ocrx_word' id='word_1_120' title='bbox 868 3581 912 3656; x_wconf 92' lang='lat' dir='ltr'>de</span> <span class='ocrx_word' id='word_1_121' title='bbox 939 3583 1083 3682; x_wconf 87' lang='lat' dir='ltr'>siugulis</span> <span class='ocrx_word' id='word_1_122' title='bbox 1105 3580 1168 3676; x_wconf 53' lang='lat' dir='ltr'>def</span> 
     </span>
     <span class='ocr_line' id='line_1_22' title="bbox 231 3719 1189 3846; baseline 0.002 -51"><span class='ocrx_word' id='word_1_123' title='bbox 231 3720 341 3816; x_wconf 77' lang='lat' dir='ltr'>lictis,</span> <span class='ocrx_word' id='word_1_124' title='bbox 363 3742 509 3822; x_wconf 78' lang='lat' dir='ltr'>quotum</span> <span class='ocrx_word' id='word_1_125' title='bbox 528 3719 564 3800; x_wconf 82' lang='lat' dir='ltr'>iu</span> <span class='ocrx_word' id='word_1_126' title='bbox 583 3720 660 3821; x_wconf 84' lang='lat' dir='ltr'>lege</span> <span class='ocrx_word' id='word_1_127' title='bbox 684 3719 792 3805; x_wconf 74' lang='lat' dir='ltr'>salica</span> <span class='ocrx_word' id='word_1_128' title='bbox 811 3721 939 3846; x_wconf 74' lang='lat' dir='ltr'>mentio</span> <span class='ocrx_word' id='word_1_129' title='bbox 957 3723 1024 3821; x_wconf 70' lang='lat' dir='ltr'>lt,</span> <span class='ocrx_word' id='word_1_130' title='bbox 1046 3721 1189 3824; x_wconf 75' lang='lat' dir='ltr'>dispu-</span> 
     </span>
    </p>

    <p class='ocr_par' dir='ltr' id='par_1_6' title="bbox 1111 3873 1167 3936">
     <span class='ocr_line' id='line_1_23' title="bbox 1111 3873 1167 3936; baseline 0 -2"><span class='ocrx_word' id='word_1_131' title='bbox 1111 3873 1167 3936; x_wconf 62' lang='lat' dir='ltr'>lh</span> 
     </span>
    </p>
   </div>
   <div class='ocr_carea' id='block_1_5' title="bbox 0 0 1418 4964">
    <p class='ocr_par' dir='ltr' id='par_1_7' title="bbox 0 0 1418 4964">
     <span class='ocr_line' id='line_1_24' title="bbox 0 0 1418 4964; baseline 0 1"><span class='ocrx_word' id='word_1_132' title='bbox 0 0 1418 4964; x_wconf 95' lang='lat' dir='ltr'> </span> 
     </span>
    </p>
   </div>
  </div>
 </body>
</html>
