2828 4964
239 325 242 331 '
305 355 745 470 uuruouuauu
949 350 1028 451 sss

67 587 154 645 eum
184 592 253 642 non
277 578 394 641 contra
411 565 562 664 Regem,
589 578 710 640 verum
736 574 849 638 contra
881 565 1021 644 Duoem

66 719 203 783 tantum
233 704 396 779 Albinum
415 728 562 804 suosque
579 728 670 776 arma
693 701 781 776 sumi
809 703 927 803 palam
943 733 1023 781 om.

53 863 125 919 ues
153 844 405 943 profiterentur,
434 868 473 915 ac
505 842 643 914 omuino
676 854 765 915 recte
792 841 1014 941 disputaverit

58 1003 424 1087 Bmuusuoust,
453 976 541 1054 facto
567 978 709 1079 quidem
729 980 841 1080 prius,
857 982 930 1076 jure
948 1006 1016 1054 aun

64 1135 222 1196 temnou
249 1119 313 1191 nisi
342 1145 383 1192 ex
407 1117 463 1192 die
483 1118 534 1191 -26
562 1118 648 1192 Julii
678 1117 740 1192 'Art
773 1117 859 1194 1581
895 1118 1017 1193 comi-

64 1274 140 1335 tum
172 1259 208 1331 iu
231 1258 352 1358 Belgio
379 1256 551 1330 foederato
573 1257 757 1355 imperium
776 1280 921 1329 cessasse
939 1255 1011 1358 (ι).
1037 1340 1040 1345 ,

118 1396 282 1498 Superest
306 1397 409 1494 igitur
433 1421 540 1468 unum
574 1408 705 1468 tantum
745 1396 883 1469 tertium
910 1421 1015 1498 argu·

61 1547 240 1608 mentum:
278 1535 353 1634 ipso
382 1536 455 1630 jure
491 1533 600 1606 nullas
635 1532 859 1609 ordinationes
883 1535 1012 1626 fuisse,

56 1673 193 1772 quippe
218 1697 286 1745 non
321 1685 458 1746 tantum
487 1687 605 1748 contra
641 1687 776 1746 aeterua
808 1674 888 1769 juris
912 1696 1016 1773 prau-

62 1825 159 1910 cepta
190 1810 233 1884 de
262 1812 485 1886 conscientiae
509 1810 684 1900 libertate,
709 1837 829 1887 verum
856 1824 891 1886 et
925 1837 1013 1886 con-

62 1961 112 2023 tra
129 1926 354 2049 plurimorum
375 1951 527 2026 locorum
543 1952 744 2051 privilegia,
766 1951 801 2024 in
814 1975 901 2049 quae
916 1953 1010 2048 jura·

59 2101 153 2163 verat
167 2111 391 2173 ruiturum,
414 2089 508 2160 latas.
531 2085 624 2174 Sed,
639 2087 668 2156 si
689 2097 817 2157 caetera
832 2098 1007 2178 corruant,

59 2224 126 2298 hoc
144 2222 285 2323 quidem
315 2221 427 2294 solum
450 2234 688 2316 argumentum
715 2246 778 2320 per
797 2246 833 2294 sa
853 2247 922 2294 nou
941 2222 1007 2296 ad-

56 2359 201 2434 modum
233 2383 394 2459 magnum
421 2356 555 2458 pondus
579 2358 701 2432 habere
725 2360 821 2433 facile
852 2360 998 2462 quisque

54 2497 228 2596 intelligit.
260 2499 347 2571 Nam
362 2509 396 2569 et
411 2502 537 2596 vagum
554 2508 588 2568 et
603 2494 818 2570 indefinitum
828 2497 1002 2599 est,quod

59 2635 107 2709 de
130 2633 314 2733 privilegiis
335 2635 490 2708 universe
520 2633 664 2725 dicitur,
690 2647 724 2707 et
739 2635 766 2707 si
791 2635 834 2708 de
852 2638 1002 2711 nonnul-

46 2766 100 2848 'lis
129 2773 275 2845 articulis
300 2798 377 2848 vora
404 2770 591 2847 observatio
620 2774 684 2863 sit,
707 2771 793 2846 illud
821 2785 926 2850 totam
944 2775 999 2849 le-

48 2937 132 3012 gem
155 2913 306 3010 profacto
337 2911 455 2985 vitiare
488 2937 555 2985 non
582 2912 712 3010 potuit,
735 2926 838 3014 atque
856 2913 997 2998 tandem

17 3024 23 3037 ¹
51 3063 149 3124 oaute
175 3049 232 3124 bic
259 3051 426 3150 imprimis
450 3051 539 3124 iuter
564 3051 742 3148 privilegia
762 3053 825 3123 rito
847 3054 998 3151 acquisi-

53 3199 90 3267 ,ia
125 3199 159 3261 et
192 3188 448 3262 consuetudines
478 3212 551 3259 esse
587 3186 865 3288 distinguendum
902 3201 996 3264 recto

46 3326 190 3400 omniuo
214 3325 403 3403 observavit
423 3325 467 3398 ad
491 3325 582 3398 hunc
600 3328 715 3403 locum
740 3326 792 3402 Gi.
809 3348 992 3417 voounA,

910 3487 991 3536 cum

86 3597 134 3668 (1)
153 3593 197 3648 Cf.
217 3607 427 3648 arutrusuout
460 3596 571 3666 Quaen.
583 3597 661 3650 Iuris
673 3597 787 3650 Publici
811 3596 849 3652 11.
873 3600 902 3650 0.
924 3611 948 3654 1.
968 3617 986 3653 a

41 3700 102 3753 quo
130 3691 216 3736 umen
237 3683 358 3738 dissentit
378 3698 407 3745 ι’.
424 3697 536 3739 usurus
556 3688 696 3760 Inleiding
721 3698 763 3742 tot
783 3691 816 3744 de
835 3688 989 3766 mklorr'og

24 3791 86 3838 m
105 3773 138 3832 da
161 3772 233 3827 Uria
255 3773 279 3828 1.
298 3781 359 3851 pag·
384 3773 410 3830 6.
433 3781 460 3830 et
479 3791 554 3846 seqq.

591 3865 672 3945 Ra
