2828 4964
239 349 313 429 ‘rto
484 334 916 419 THESES.

596 544 633 619 X
655 543 695 615 X
718 544 737 615 1
757 544 803 618 V.

231 685 443 781 Benejrlooet
464 706 604 760 cloteno
622 709 700 775 pro
717 684 824 758 Rooc.
844 684 935 761 Am.
958 684 1003 759 0.
1027 684 1081 762 15.
1094 697 1165 757 nn-

280 841 363 899 mm·
378 822 561 899 officiorum
585 848 625 895 nc
647 822 778 919 pietatis
798 847 874 923 erga
893 836 1052 922 parentes
1069 847 1161 923 mog·

282 964 490 1050 nitudinem,
520 973 715 1060 tantamque
741 961 813 1034 vim
845 985 944 1049 esse,
975 975 1016 1035 ut
1043 987 1107 1061 pro
1124 963 1161 1034 iis

280 1103 379 1201 plano
409 1098 621 1174 moriendum
647 1103 715 1187 sit,
748 1100 774 1171 si
804 1123 858 1171 ros
885 1099 1049 1199 postulat.

618 1238 656 1310 X
679 1238 716 1309 X
738 1238 783 1314 V.

238 1378 337 1453 Falso
373 1379 486 1451 statuit
514 1398 739 1463 nossnvrns,
768 1392 807 1451 ut
833 1381 986 1478 primum
1014 1376 1170 1452 adolere.

285 1519 351 1592 rint
377 1516 498 1604 libori,
536 1516 646 1617 sitque
674 1516 831 1591 exstincta
864 1517 972 1615 patria
1003 1529 1169 1616 potestas,

285 1656 445 1731 continno
478 1681 616 1728 omnem
650 1681 730 1729 cnm
765 1653 958 1753 parentibus
985 1656 1171 1727 necessitu-

284 1792 421 1877 dinem,
442 1819 597 1891 qnneque
618 1818 658 1865 et
676 1791 741 1866 hoc
760 1793 899 1891 proprio
921 1791 1056 1866 vinculo
1081 1793 1173 1865 orin-

285 1941 342 2001 tnr
371 1928 555 2002 officiorum
580 1931 814 2002 necessitatem
842 1931 1023 2005 extinctam
1051 1956 1135 2006 esse.

602 2067 641 2141 X
662 2068 699 2141 X
720 2069 755 2139 V
778 2070 809 2144 L

238 2211 420 2285 toronum
458 2220 508 2281 est
541 2221 644 2309 ntqne
669 2210 888 2307 pmecipnum
920 2205 1068 2282 hominis
1100 2208 1180 2304 juS,

290 2346 425 2421 libertos
446 2346 636 2443 cogitandi,
662 2347 748 2419 adeo
767 2346 904 2445 quidem
931 2361 968 2420 ut
994 2347 1097 2446 plane
1121 2349 1181 2420 in-

291 2488 398 2584 justae
432 2486 498 2557 sint
527 2485 640 2583 leges,
671 2484 794 2583 quibus
822 2483 900 2557 huic
926 2484 1074 2559 libertati
1107 2487 1184 2560 vim

288 2626 395 2697 sotere
424 2623 626 2721 imperantes
651 2636 823 2697 conentur.
1106 2628 1110 2632 ’

587 2760 623 2832 Χ
646 2761 682 2833 X
705 2760 738 2830 V
761 2763 779 2833 I
802 2761 834 2837 Ι.

244 2899 315 2973 Etsi
340 2898 534 2970 difficillimo
562 2899 606 2971 sit
628 2899 778 2972 doctrina
802 2899 846 2973 de
871 2898 1047 2999 puniendo
1067 2901 1186 2976 delin-

294 3034 416 3139 (prendi
426 3048 545 3107 conatu
553 3061 639 3125 ,non
648 3049 759 3110 tamen
770 3037 1049 3112 conatusvidetur
1060 3040 1186 3115 eodem

292 3201 423 3277 poeno,
457 3200 523 3272 qua
551 3175 738 3271 perfectum
768 3177 893 3249 crimen
903 3186 918 3268 ',
944 3175 1157 3279 plectendus,

567 3282 717 3387 ‘xxv
740 3316 759 3386 1
782 3316 801 3387 1
825 3315 854 3389 r.

250 3460 301 3535 Ut
316 3456 498 3556 aequaliter
514 3481 642 3554 poenae
660 3452 917 3544 distribuantur,
941 3456 1080 3530 omnino
1092 3483 1189 3557 per-

298 3622 454 3670 sonarum
491 3593 671 3696 aliquando
712 3594 795 3668 ratio
839 3591 991 3668 habende
1031 3608 1108 3686 est,
1146 3624 1187 3673 ao

299 3736 503 3834 geometrica
533 3733 705 3833 proportio
738 3730 908 3811 servanda.

1023 3869 1191 3952 XXIX.
