2828 4964
306 354 743 462 ‘euincunauu
933 342 1000 453 ’ω

68 586 175 663 multa
200 599 299 672 sunt,
325 611 413 683 quae
440 608 478 655 ex
508 584 659 655 Carolina
682 582 923 654 Constitutione
945 593 1003 654 aut

68 724 224 823 adoptata
256 727 410 815 suerunt,
445 736 504 795 eut
532 748 571 793 ex
601 747 639 792 ea
668 720 783 795 saltem
815 717 1005 816 explicanda

66 877 156 938 sunt.
213 864 357 932 Deinde
403 888 483 937 vero
518 859 613 935 brevi
662 857 890 930 auctoritatem
932 868 1008 924 tan-

65 1013 227 1098 temper
252 1025 387 1072 omnem
423 1002 491 1072 fere
525 999 697 1097 Europam
725 996 878 1068 Carolina
911 991 1005 1064 Con·

71 1137 202 1211 stitutio
242 1138 438 1238 acquisivit,
489 1137 634 1206 maxime
679 1147 816 1233 propter
854 1132 1006 1231 egregios

65 1299 265 1374 summaque
293 1273 485 1345 auctoritate
508 1270 691 1370 gaudentes
722 1272 840 1357 letos,
870 1271 929 1369 qui
959 1266 1005 1340 ad

67 1411 162 1492 illam
189 1409 469 1483 Constitutionem
500 1409 755 1487 commentarios
794 1407 1004 1503 conscripse·

71 1562 182 1638 runt,
234 1567 480 1622 canrsovrmu
534 1566 777 1618 eoenmenuu
831 1546 1005 1646 aliosque,

75 1699 114 1758 ut
150 1685 312 1783 paulatim
352 1682 485 1765 nisiex⁴
505 1681 583 1779 ¹ipsa
604 1681 855 1776 ¹Constitutione
876 1681 1006 1755 Ceroli-

72 1849 134 1911 na,
164 1836 198 1894 at
217 1823 334 1894 saltem
363 1845 403 1893 ex
430 1821 675 1895 commentariis
702 1821 769 1892 iltis
793 1821 1008 1918 Europaeum

75 1960 211 2064 aliquod
240 1963 292 2057 jus
316 1957 487 2033 criminale
512 1957 838 2031 consuetudinarium
871 1961 1009 2030 exstite-

73 2098 126 2171 rit.
175 2097 330 2186 Quorum
369 2094 508 2190 quidem
547 2090 862 2165 commentariorum
905 2094 1007 2164 etiam

75 2236 112 2309 in
145 2230 290 2328 Belgicis
324 2226 481 2300 omuibus
517 2224 737 2299 tribunalibus
783 2227 1010 2301 auctoritatem

74 2395 155 2445 cum
195 2367 344 2466 profecto
384 2354 484 2449 nemo
527 2367 564 2438 in
602 2364 746 2437 dubium
784 2367 1009 2457 revocaverit,

76 2508 173 2582 facite
199 2518 511 2606 constatquoqne,
546 2515 688 2603 quantae
716 2501 887 2574 Carolinac
915 2504 1008 2577 Con-

77 2643 257 2723 stitutiouis
300 2642 402 2713 etiam
444 2643 479 2714 in
521 2641 658 2743 Belgico
713 2642 785 2743 jure
845 2642 1008 2722 criminali

77 2778 287 2879 emendando
321 2793 431 2879 peltes
456 2779 578 2859 fuerint
607 2779 622 2880 (
672 2775 698 2874 )

117 2957 165 3026 (1)
184 2952 314 3024 Quantum
334 2956 366 3008 de
388 2956 528 3009 Carolinae
550 2957 750 3010 Constitutionis
772 2960 927 3010 auctoritate
948 2977 1009 3010 am·

77 3045 218 3113 phticunda
247 3062 301 3096 non
330 3053 448 3101 tantum,
480 3064 569 3109 rerum
597 3055 623 3097 et
650 3045 682 3096 de
709 3049 779 3097 itlius
805 3046 1007 3096 Constitutionis

72 3133 217 3201 praeceptis
231 3133 398 3202 mitigandis,
427 3134 593 3190 emendandis
620 3141 645 3183 et
668 3133 701 3183 ud
723 3135 818 3193 saecuti
844 3132 1006 3188 humanioris

73 3230 212 3292 praecepta
225 3222 425 3288 componendis,
440 3224 583 3274 meruerint
597 3221 675 3280 icti,
691 3224 791 3289 egregie
805 3231 916 3290 exponit
930 3235 1010 3280 mnn-

73 3321 171 3367 ssuano
199 3308 218 3358 l.
240 3307 259 3362 l.
287 3311 312 3375 §.
327 3308 360 3359 46
382 3317 408 3358 et
426 3327 490 3376 seqq
535 3309 589 3360 Nec
618 3317 703 3360 tamen
724 3310 810 3365 miuus
840 3329 901 3364 vera
929 3320 1006 3366 sunt,

72 3413 142 3464 quae
165 3395 197 3444 de
226 3393 352 3462 ejusmodi
370 3395 452 3460 legum
476 3395 650 3467 criminalium
675 3397 854 3447 emendatione
876 3398 1007 3450 indirecta

75 3488 157 3541 habet
177 3499 349 3537 ruussntttcfl
369 3488 398 3535 in
415 3488 606 3538 Revidondee
630 3488 741 3543 Grande.
764 3491 821 3538 und
844 3487 1007 3555 Grundbegr.

76 3578 124 3649 der
143 3575 229 3644 peinl.
248 3577 364 3629 Rechts,
388 3583 416 3626 ut
436 3579 477 3632 vel
491 3575 541 3637 hoc
563 3576 619 3626 solo
638 3577 742 3650 nomine
758 3592 839 3625 novoe
859 3574 1006 3638 criminales

74 3665 182 3717 codices
194 3663 288 3730 ubique
301 3644 458 3715 necessarios
476 3667 560 3717 factos
580 3667 657 3716 fuisse
676 3673 746 3716 recte
761 3660 906 3718 monuerit}
922 3681 1007 3733 prop-

73 3764 118 3809 ter
139 3753 235 3803 incerti
248 3753 312 3821 juria
330 3753 504 3806 incommoda.
527 3753 567 3805 Gt.
584 3765 701 3804 nemeen
720 3756 749 3806 iu
764 3754 885 3826 praestit.
902 3755 939 3806 ad
955 3758 1008 3809 Oo-

69 3846 162 3922 ffit’m
185 3844 293 3910 Grimiu,
312 3844 501 3900 Hellandieum
520 3844 709 3910 Ledoviceum,

571 3933 604 4036 Q
819 3935 1012 4010 ci.
