2828 4964
269 263 314 339 84
478 265 715 342 SPECIMEN
730 267 994 346 JURIDICUM

252 470 385 544 ‚norico
429 473 574 544 maxime
622 472 705 544 fines
749 473 833 572 juris
881 464 1030 573 proprie
1056 471 1147 549 dicti
1178 486 1216 549 et

253 608 403 681 Etlrices
434 637 503 682 non
546 610 674 710 ubique
716 623 826 685 essent
862 609 1045 710 diligenter
1091 610 1216 686 obser-

268 754 356 833 vati,
388 751 436 821 ita
462 764 501 822 ut
530 750 701 847 religionis
727 749 812 823 adeo
832 761 1013 850 praecepta
1043 777 1215 855 nonnam

251 915 327 990 pro
355 892 428 987 jure
461 889 630 974 valerent,
671 887 713 961 ad
752 913 826 960 eam
861 889 1033 988 imprimis
1067 902 1214 964 aetatem

253 1028 435 1101 ,referenda
459 1025 719 1127 jurisprudentia
737 1025 891 1117 videtur,
913 1053 1001 1126 qnae
1026 1028 1213 1102 numerum

257 1164 464 1251 ‚delictorum
495 1166 611 1239 multis
650 1164 818 1263 ejusmodi
858 1165 1055 1239 criminibus
1092 1168 1249 1263 auxit,¹

264 1330 352 1407 quae
371 1318 429 1378 aut
446 1306 528 1406 juris
553 1304 684 1404 politici
705 1305 805 1402 plane
832 1326 898 1375 uon
926 1318 1028 1393 sunt,
1058 1317 1118 1376 aut
1142 1306 1212 1379 sat-

254 1458 333 1519 .tem
344 1469 384 1518 ex
396 1469 437 1516 eo
451 1447 523 1540 jure
535 1470 603 1516 non
621 1443 705 1516 adeo
717 1443 832 1543 gravia
850 1456 927 1515 sunt
940 1441 1082 1530 delicta,
1106 1469 1210 1544 quam

263 1582 403 1680 quidem
434 1583 469 1654 in
497 1584 570 1656 soro
604 1581 777 1680 roligionis
822 1593 857 1653 et
888 1582 1115 1655 conscientiae
1148 1580 1211 1654 hn-

255 1721 334 1793 „beri
375 1719 517 1793 debent:
562 1723 658 1816 cujus
696 1721 746 1792 rei
786 1719 938 1819 exempla
981 1719 1018 1791 in
1052 1718 1211 1792 crimini-

258 1855 328 1929 ·bus
342 1859 542 1955 apostasiae,
566 1856 759 1948 haereseos,
776 1859 1046 1956 reliquorumque
1058 1854 1210 1930 delicto·

257 2022 338 2075 mm
361 1997 469 2070 laesae
487 1998 670 2097 majestatis
691 1997 848 2089 diuinae,
878 2021 961 2097 quae
981 1993 1208 2087 dicebantur,

255 2161 330 2213 non
359 2149 508 2227 tantum,
539 2150 713 2212 resumet
736 2138 773 2209 in
803 2136 955 2227 delictis,
983 2160 1069 2236 quae
1093 2133 1204 2208 bonos

252 2301 371 2350 mores
399 2288 501 2377 atque
532 2275 745 2348 matrimonia
774 2287 947 2374 spectant,
978 2299 1092 2378 nequo
1117 2272 1207 2349 levia

254 2439 372 2514 neque
393 2440 504 2510 pauca
529 2413 662 2488 adsunt.

308 2550 463 2624 Tandem
503 2578 584 2626 vero
626 2552 793 2624 maximus
831 2550 905 2622 sine
946 2547 1052 2624 dubio
1084 2547 1203 2621 harum

256 2690 483 2763 mutationum
503 2691 640 2764 effectus
657 2690 711 2768 bic
726 2691 812 2778 fuit,
836 2686 930 2790 quod
946 2687 1113 2786 paulatim
1128 2710 1203 2761 ma·

259 2827 313 2923 gis
340 2829 516 2934 magisque
542 2828 719 2926 publicum
747 2854 819 2900 esse
853 2827 1005 2927 coeperit
1040 2828 1095 2923 jus
1134 2851 1203 2924 po-

258 2963 394 3054 niendi,
418 2965 463 3038 ita
480 2966 570 3039 utin
587 2965 660 3040 dies
683 2969 791 3068 magis
809 2992 959 3067 poenae,
997 2965 1042 3039 da
1080 2963 1200 3067 quibus

259 3103 425 3193 dirim,
466 3106 632 3203 privatae,
655 3106 769 3179 locum
794 3106 951 3180 cederent
981 3106 1103 3205 poenis
1132 3129 1200 3203 pn·-

258 3242 374 3333 blicis,
395 3269 480 3343 quae
503 3270 562 3317 cur
585 3245 641 3318 vel
659 3245 745 3331 hano
771 3248 872 3320 etiam
898 3247 943 3319 ob
965 3270 1100 3318 causam
1115 3270 1194 3343 pau·

254 3381 348 3461 terim
363 3384 549 3460 >severiores
569 3384 727 3458 exsistere
753 3385 949 3487 debuerint,
981 3385 1200 3483 explicatione

255 3520 339 3599 mihi
370 3523 510 3622 quidem
535 3523 687 3624 indigere
714 3550 781 3598 non
810 3526 944 3602 videtur
966 3523 1058 3623 (1).

1165 3681 1198 3735 m

292 3772 344 3845 (1)
363 3771 480 3832 Duorum
501 3773 571 3833 enim
596 3795 739 3853 ppenarura
759 3779 924 3836 severitatem
949 3794 1019 3834 nunc
1043 3664 1198 3834 unandn·

1134 3862 1202 3943 m?
