2828 4964
349 383 389 437 12
554 356 1063 436 SPECIMEN·JURIDICUM

344 562 532 638 civitatibus
566 564 677 636 statim
722 564 798 635 illae
837 563 1019 636 exstiterint
1053 573 1086 633 et
1117 558 1277 637 exsistere

343 703 518 775 debuerint
545 716 673 774 certum
704 714 764 776 est.

392 843 586 940 Utprimum
622 841 712 911 enirn
747 839 895 910 civitates
923 839 1010 909 inter
1032 835 1186 909 homines
1215 863 1278 912 ex·

343 981 507 1066 clitorius,
538 980 620 1077 quin
648 977 748 1048 simul
772 977 952 1074 imperium
977 975 1157 1063 exstiterit,
1173 974 1280 1049 dubi.

344 1119 404 1190 tari
448 1144 515 1208 non
552 1128 680 1215 potest,
715 1114 874 1213 quoniam
906 1110 990 1183 odeo
1014 1111 1090 1183 illae
1120 1113 1276 1184 notiones

343 1258 535 1351 conjunctae
560 1267 654 1342 sunt,
686 1267 742 1341 ut,
766 1253 847 1325 licet
874 1251 957 1324 forst
991 1250 1169 1349 imperium
1197 1250 1272 1322 sine

341 1395 475 1468 civitate
499 1393 637 1492 cogitari
666 1392 790 1488 pos’sit,
819 1390 922 1464 voluti
955 1390 1043 1461 siin
1075 1388 1183 1486 primo
1214 1389 1274 1463 vi·

341 1546 393 1603 tse
416 1532 525 1603 civilis
552 1529 657 1599 studio
686 1528 765 1598 belli
788 1527 852 1598 sibi
878 1527 998 1624 ducem
1026 1527 1180 1626 eligunt,
1214 1528 1276 1624 qui

340 1680 506 1740 caeterum
540 1677 774 1762 praeterquam
813 1666 967 1736 territorii
999 1665 1137 1762 alicujus
1176 1690 1276 1737 com-

340 1805 520 1889 munione,
566 1802 658 1873 nullo
695 1802 763 1872 fere
791 1802 933 1877 civitatis
959 1803 1091 1876 vinculo
1124 1804 1286 1902 lungun--

340 1955 415 2028 tur,
457 1938 531 2038 (1)
567 1939 682 2015 civitas
718 1939 789 2013 sino
820 1940 963 2037 imperio
1001 1941 1100 2042 plane
1136 1942 1274 2041 cogitari
1317 1962 1319 1966 ⁴

337 2092 489 2180 nequeat.

1206 2219 1273 2295 Se-

375 2455 429 2523 (ι)
459 2453 532 2503 lutor
555 2450 641 2504 varias
663 2448 789 2508 Virorum
805 2448 942 2501 doctorum
957 2450 989 2504 ds
1004 2451 1105 2519 origine
1119 2451 1272 2509 societatum

340 2543 457 2594 civilium
478 2542 614 2607 opiniones
635 2541 674 2594 uti
692 2536 819 2592 historice
840 2541 946 2591 minime
965 2541 1072 2592 serenda
1102 2551 1140 2593 est
1161 2555 1274 2594 rusure-

339 2607 458 2683 ubm-*rn
479 2630 625 2683 sententia.
651 2633 737 2680 omnia
762 2648 807 2682 suo
829 2647 902 2681 more
922 2629 956 2680 sd
977 2640 1082 2699 pactum
1104 2634 1212 2701 aliquod
1226 2651 1274 2685 rs-

339 2719 471 2781 vocsntis;
496 2716 613 2785 quamvis
631 2712 813 2786 philosophico
837 2734 892 2768 non
914 2720 966 2770 nisi
987 2737 1018 2769 ex
1041 2718 1180 2788 hypothesi
1199 2723 1272 2790 pacti

340 2812 406 2878 juris
425 2809 524 2874 publici
543 2816 680 2874 praecepte
701 2808 761 2862 duci
781 2817 807 2859 et
827 2810 954 2874 explicari
966 2811 1128 2875 pometiam
1142 2827 1191 2860 uos
1209 2827 1273 2862 crs-

341 2899 448 2952 dsmuss
472 2899 507 2948 itu
530 2900 599 2947 iuter
621 2899 735 2965 reliquas
756 2903 866 2951 caeteris
887 2901 952 2951 milii
975 2901 1079 2968 quidem
1100 2902 1275 2968 praeferendo

341 2989 444 3040 ridetur
466 2986 587 3037 doctrina
616 3000 724 3044 eorum,
750 2986 794 3053 qui
816 3004 848 3036 ex
872 2997 972 3039 mutuae
1000 2988 1159 3041 defensionis
1181 3008 1277 3043 neces-

340 3081 415 3130 sitate
435 3081 516 3146 prims
539 3081 670 3131 societatis
695 3080 769 3133 initis
793 3083 921 3133 exstitisse
941 3091 967 3135 ct
981 3101 1013 3134 ex
1026 3085 1137 3136 militari
1163 3087 1275 3153 imperio

338 3171 464 3238 paulatim
490 3171 568 3220 civile
590 3171 726 3236 imperium
751 3172 854 3223 fluxisse
883 3173 1025 3240 disputent.
1061 3175 1153 3243 Neque
1174 3183 1278 3236 tanturn

341 3263 438 3327 optimo
460 3259 527 3310 illud
553 3260 694 3310 convenire
725 3260 829 3311 videtur
857 3262 926 3314 iltis.
960 3281 1026 3330 quse
1049 3264 1083 3315 «le
1107 3265 1276 3332 antiquorum

342 3353 476 3402 civitatum
495 3349 675 3415 plerarumque
688 3349 773 3400 initiis
787 3351 820 3398 sd
834 3366 882 3401 nos
896 3361 1070 3417 pervenerunt
1087 3362 1274 3410 monuments.

342 3458 431 3492 rerum
451 3449 479 3491 et
499 3441 551 3491 illis
564 3455 629 3507 quse
650 3438 683 3488 de
700 3439 785 3490 initiis
808 3440 878 3490 vitae
891 3441 976 3493 civilis
987 3442 1055 3510 opud
1070 3451 1159 3511 gentes
1177 3461 1276 3496 recon-

342 3540 381 3582 ter
406 3533 520 3583 detectos
539 3529 705 3582 tradiderunt
731 3529 897 3580 itineratores
920 3543 1057 3596 coourus,
1081 3546 1274 3590 nnrnousruss

340 3632 501 3673 uousruttus
521 3620 630 3687 aliique3
649 3619 700 3670 uisi
721 3619 929 3686 distinguendum
948 3621 1017 3671 sorte
1039 3622 1161 3674 sitisses
1180 3623 1275 3676 diver-

341 3725 381 3768 sss
395 3717 497 3773 gentes,
516 3709 683 3776 gentibusque
699 3709 821 3775 agricolis
843 3716 869 3758 et
888 3709 1037 3774 pastoribus,
1048 3711 1128 3780 magis
1143 3713 1276 3777 conveni-

341 3802 402 3848 ant,
418 3810 492 3861 quse
514 3781 547 3848 <lc
568 3798 720 3850 societatum
746 3799 865 3858 civilium
894 3801 1006 3868 origiue·
1020 3800 1116 3853 scribit
1145 3814 1271 3856 nonno·

1229 3891 1276 3945 ubi
