2828 4964
245 352 309 425 nt
447 343 680 421 sesemen
701 346 965 425 JURIDIGUM

237 562 287 621 tra
312 573 448 622 omnem
475 549 556 680 jurip
583 548 699 647 scripti
728 551 961 626 auctoritatem
982 550 1032 625 illi
1065 554 1184 629 abno-

234 687 380 789 gendrm
410 710 482 759 csse
516 689 755 785 consuerunt(
802 687 831 786 ).

286 824 390 919 Quod
421 826 449 898 si
489 850 569 899 vero
605 850 645 897 eo
668 826 703 897 in
728 850 783 914 re,
813 827 901 926 quid
934 828 1032 903 nobis
1054 856 1178 906 verum

235 965 406 1055 videatur,
437 961 617 1037 dicendum
642 975 707 1051 sn,
730 964 868 1037 omnino
891 965 1175 1067 distinguendum

239 1132 311 1178 esse
337 1103 521 1191 credimus,
542 1114 656 1174 utrum
685 1100 729 1174 do
756 1103 952 1177 auctoritate
980 1104 1174 1198 indirecta,

239 1246 372 1347 qualem
408 1257 441 1314 ct
463 1256 636 1314 extraneae
671 1253 813 1338 possunt
832 1242 924 1342 leges
955 1239 1102 1333 hebere,
1126 1271 1204 1318 an.

241 1409 322 1456 roro
355 1381 398 1454 de
437 1381 558 1452 directa
595 1381 790 1455 anctoritate
824 1380 997 1478 legitima,
1035 1382 1177 1482 qualem

241 1522 310 1595 solo
334 1521 387 1593 lex
410 1520 514 1617 patria
534 1531 591 1589 aut
611 1518 726 1589 saitem
744 1519 917 1590 manifeste
934 1517 1091 1617 adoptata
1110 1546 1179 1620 po-

235 1673 300 1735 test
326 1658 463 1746 habere,
493 1682 603 1729 sermo
632 1656 687 1733 sih

283 1794 320 1867 Si
352 1793 441 1866 enim
470 1792 513 1866 de
535 1793 742 1893 posteriore,
773 1793 843 1868 sive
869 1792 992 1868 directa
1022 1798 1172 1870 auctori-

239 1944 304 2005 tate
325 1931 476 2033 quaestio
498 1932 560 2019 sit,
595 1931 734 2004 omnino
757 1943 789 2004 et
810 1931 907 2003 nobis
933 1933 1043 2005 verior
1065 1935 1173 2008 vidc-

237 2083 432 2144 turcorum
458 2069 638 2159 sententia,
667 2069 728 2168 qni
752 2070 832 2166 juris
857 2069 970 2167 scripti
986 2071 1174 2145 auctorita-

235 2223 304 2283 tem
324 2209 357 2281 in
388 2206 506 2307 Belgio
525 2204 762 2280 Constitutioni
794 2205 965 2280 Carolinae
989 2206 1171 2310 abnegant.

232 2349 406 2421 Primum
430 2345 518 2417 enim
544 2344 636 2417 nullo
657 2345 793 2442 penitus
809 2342 967 2420 historico
984 2350 1195 2440 argumem'

232 2497 268 2557 to
287 2497 397 2582 potest
414 2482 573 2584 probari,
589 2507 740 2580 unquam
760 2484 853 2556 iliam
879 2484 1165 2560 Constitutioncm

230 2634 389 2722 tanquam
415 2621 527 2720 legem
554 2619 606 2693 his
632 2621 668 2692 in
700 2622 794 2693 terris
831 2624 1076 2723 promulgatam
1104 2627 1167 2697 fn-

233 2760 318 2850 isse,
351 2787 413 2832 nec
438 2774 547 2834 temen
579 2759 702 2862 aliquis
727 2763 918 2859 negaverit,
948 2761 992 2836 ad
1018 2766 1168 2840 auctori-

230 2908 333 2968 tatem
372 2899 454 2992 juris
478 2900 591 2995 scripti
627 2897 913 2990 constituendam,
942 2903 1081 2975 omnino
1109 2917 1169 2978 out

127 3122 134 3135 .,
232 3032 395 3133 ejusmodi
427 3035 730 3135 promulgationem
756 3050 814 3111 aut
831 3055 1023 3140 expressam
1044 3042 1165 3114 saltem

230 3176 452 3271 receptionem
467 3175 603 3272 requiri.
634 3175 794 3264 Deinde,
815 3160 843 3247 si
868 3179 924 3252 vel
940 3178 1164 3254 concedemus

95 3354 98 3359 -
231 3311 387 3386 Carolum
411 3337 473 3411 pro
506 3311 650 3412 Belgicis
680 3337 815 3412 quoque
847 3317 1028 3412 provinciis
1061 3285 1162 3391 illam

231 3451 341 3550 legem
366 3449 507 3524 scribere
534 3450 698 3539 voluisse,
726 3449 769 3523 ad
792 3477 913 3524 omnes
938 3466 1049 3527 tomen
1077 3458 1163 3531 illut
1192 3450 1194 3455 ¹

233 3594 400 3693 pertinere
421 3565 573 3687 Belgicis
599 3587 790 3663 Provincias
813 3615 881 3688 non
893 3594 1036 3695 potuit,
1054 3594 1167 3671 Gelria

1076 3761 1168 3812 enlm

270 3876 323 3949 (ε)
342 3875 385 3939 Gt}
406 3879 516 3976 puin
533 3884 567 3937 de
584 3883 738 3956 Republica
756 3888 866 3945 rom
893 3887 956 3946 rot
978 3888 1052 3965 1·st
1071 3890 1155 3967 «Q,
