2828 4964
512 340 937 424 INAUGURALu
1131 343 1186 424 ⁴41

253 549 319 624 bus
350 549 461 650 colligi
491 549 616 647 possit,
651 561 708 620 aut
742 546 889 621 multum
916 547 1047 625 illarum
1076 547 1189 650 genti.

254 713 316 761 um
341 685 579 760 humanitatem
603 686 759 784 vitaeque
783 684 912 754 cultum
934 687 1095 774 crevisse,
1128 701 1187 762 aut

256 795 365 901 novos
384 823 474 923 apud
497 825 568 897 ilias
588 848 699 896 mores
725 825 797 896 sive
814 847 854 894 ex
878 824 992 912 novis,
1017 848 1100 922 quas
1128 825 1188 898 sihi

261 962 355 1063 ipsae
387 963 647 1052 constituerunt,
671 959 822 1060 legibus,
844 973 902 1034 aut
935 987 976 1034 ex
1006 961 1194 1062 fiequeutis·

256 1101 369 1175 oribus
395 1127 472 1173 cum
493 1100 654 1173 Romanis
678 1100 886 1172 commerciis
903 1101 1081 1188 exstitisse,
1108 1127 1188 1175 om-

255 1240 308 1311 uis
339 1240 478 1312 omnino
504 1237 604 1336 hujus
632 1236 697 1321 loci
724 1233 903 1337 disputatio
930 1237 974 1312 ad
995 1237 1059 1311 hoc
1078 1240 1189 1312 solum

253 1376 360 1465 redit,
397 1391 512 1448 utrum
549 1387 584 1446 et
622 1373 719 1468 apud
748 1373 807 1447 has
834 1386 972 1475 gentes,
1011 1390 1190 1475 postquam

254 1513 364 1610 magis
397 1510 571 1611 magisque
603 1510 692 1609 apud
719 1512 793 1584 illas
821 1513 1051 1586 Romanorum
1073 1509 1191 1601 au'cto-
1230 1563 1232 1567 -

252 1652 331 1724 ritas
363 1650 523 1739 creverit,
560 1674 669 1750 aeque
704 1675 743 1721 ac
773 1650 810 1723 in
842 1650 979 1751 reliquis
1004 1653 1186 1750 provinciis

248 1791 321 1887 jura
350 1789 576 1862 Romanorum
602 1787 774 1863 valuerint.

294 1925 498 1999 Affirmando
520 1928 644 2001 seimus
663 1925 873 2026 respondisse
887 1928 1085 2018 nonnullos,
1104 1929 1121 2029 (
1139 1955 1152 2004 1
1168 1927 1182 2026 )

248 2089 312 2136 nec
335 2078 447 2138 tomen
476 2089 594 2140 eorum
623 2076 821 2160 argumenta
847 2089 984 2160 movere
1010 2091 1073 2139 nos
1100 2091 1185 2166 pos-

250 2212 349 2288 sunt,
369 2212 408 2272 ut
422 2197 533 2271 eidem
555 2199 737 2270 sententiae
758 2197 967 2278 accedamus.

297 2338 460 2429 Quamvis
480 2336 570 2410 enim
591 2334 634 2408 de
657 2335 836 2411 Germania
851 2336 981 2432 deuicta
1003 2351 1061 2411 aut
1084 2339 1183 2415 armis

246 2477 381 2549 subacta
418 2473 595 2573 aliquando
633 2475 813 2576 loquantur
846 2474 1012 2566 historici,
1045 2474 1120 2574 (2)
1145 2491 1181 2555 et

245 2616 313 2686 sint
350 2617 410 2712 qui
451 2613 562 2684 dicant
601 2635 776 2709 expresse,
818 2613 992 2688 nonnullas
1032 2614 1179 2689 Germa-¹

243 2754 324 2825 niae
354 2751 507 2860 regiones
537 2735 622 2822 cum*
644 2750 792 2848 Imperio
808 2750 960 2824 Romano
987 2756 1177 2852 conjunctas

242 2893 370 2980 fuisse,
396 2889 471 2991 (3)
503 2889 571 2962 sola
615 2901 727 2962 tamen
761 2886 843 2973 hoec
882 2890 1032 2965 sufficere
1073 2893 1176 2968 verlra

1106 3056 1176 3107 110ss

278 3169 332 3241 (ι)
350 3166 414 3221 vid.
435 3177 603 3220 wtosstttttt
623 3166 646 3219 1.
665 3185 701 3245 p,
713 3165 754 3222 56.
774 3165 819 3218 ubi
839 3173 923 3220 nmen
944 3167 974 3225 iu
993 3165 1082 3249 Taciti
1102 3161 1174 3219 ein-

238 3258 311 3309 tione
330 3253 749 3324 proCop.18.legeudum'Cap·
768 3271 807 3322 ¹9·
828 3271 890 3305 uam
903 3252 955 3306 hoe
974 3253 1076 3306 demtum
1096 3252 1173 3319 capi-

240 3355 266 3398 te
288 3345 459 3397 corbulonem
487 3353 611 3395 senatum
638 3349 815 3414 magistratus
842 3353 870 3394 et
899 3355 990 3396 uon
1015 3343 1175 3413 imposur'm

239 3441 332 3496 auctor
360 3440 462 3484 narrat.
771 3491 774 3497 ,

276 3523 333 3593 (2)
352 3519 406 3569 Vid
424 3527 555 3566 ricinus.
574 3519 711 3570 ΛΜΝ.
727 3521 806 3588 <272
823 3530 940 3572 vannus.
954 3518 1104 3574 euntis).
1115 3513 1171 3577 tofi,

273 3610 328 3680 (ὅ)
345 3609 449 3660 'sacru
472 3609 504 3658 de
528 3605 623 3669 morib.
647 3608 733 3670 Gom.
759 3609 787 3658 0.
805 3625 847 3676 ²9·
874 3618 1001 3665 zosimus.
1028 3607 1095 3660 ttius
1118 3607 1171 3661 111.

235 3700 267 3756 C.
289 3701 314 3773 6
350 3696 477 3769 Quemvis
493 3705 579 3755 umen
601 3707 703 3752 'rtem
724 3694 786 3758 huie
809 3698 870 3752 loco
893 3696 990 3769 opponi
1005 3699 1087 3782 pouit
1104 3697 1171 3776 olins!

231 3791 299 3859 iiiut.
322 3789 358 3854 V,
380 3787 423 3848 25.
729 3810 777 3941 F·
