2828 4964
323 335 738 415 INAUGURALE.
954 336 1002 416 61

64 538 156 636 picev
184 563 344 612 rausum
393 540 558 638 originem
594 541 684 639 cepit
720 541 800 639 juris
837 543 1003 642 Europaei

71 677 284 767 emendatio,
321 691 355 749 et
383 680 476 777 quasi
501 679 727 778 regeneratio,
756 679 855 750 etiarn
882 681 925 752 ad
947 679 1006 753 lras

72 829 177 886 terras
204 817 362 912 paulatim
388 819 599 915 perveniret,
634 815 893 916 accederentque
918 819 1009 890 Iuris

75 952 205 1050 Bdgici
234 956 345 1053 scripti
374 956 548 1055 speciebus
579 955 602 1026 J
606 979 642 1026 us
675 954 866 1027 Romanum
899 955 924 1026 J
926 955 1011 1027 usti·

75 1093 232 1162 nianeum
261 1107 308 1165 et'
326 1095 388 1166 Jus
417 1095 639 1168 Canonicum.

123 1231 287 1319 Quamvis
318 1233 408 1303 enim
442 1233 485 1305 de
519 1233 621 1305 modo
645 1233 845 1305 auctoritatis
870 1233 904 1304 in
924 1258 1008 1330 pro-

74 1372 194 1444 vinciis
224 1371 363 1469 singulis
392 1372 538 1469 Belgicis
567 1370 806 1471 disputaverint
833 1370 896 1444 riri
926 1357 1036 1441 doc-⁸

76 1509 125 1594 ti,
162 1513 175 1605 (
197 1507 243 1603 1)
265 1510 420 1608 quamvis
451 1524 576 1582 certum
600 1514 642 1582 sit
669 1510 896 1581 auctoritatem
916 1508 1010 1579 illam

76 1648 115 1715 in
147 1647 219 1716 attis
249 1649 428 1743 provinciis
455 1649 631 1742 majorem,
659 1648 695 1719 in
737 1648 809 1719 aliis
840 1648 1008 1718 minorem

73 1787 177 1856 fuisse
200 1785 214 1882 (
228 1783 288 1879 2),
307 1785 340 1857 in
366 1812 405 1856 eo
436 1798 545 1857 tamen
572 1787 710 1857 omnino
736 1810 853 1862 omnes
880 1809 1008 1857 conve·
1055 1834 1057 1875 ;

75 1924 188 2009 niunt,
205 1921 385 1995 doctrinam
408 1925 488 2019 juris
516 1926 552 1995 in
579 1924 736 1996 omnibus
762 1925 862 1995 ctiam
887 1923 1007 2022 Belgi-

77 2062 125 2130 cis
148 2061 325 2157 prouinciis
350 2063 408 2134 vix
435 2062 533 2130 aliam
562 2074 692 2156 praeter
713 2060 897 2130 doctrinam
925 2062 1006 2152 iuris

79 2199 222 2268 Romani
251 2197 363 2267 fuisse.
413 2195 477 2266 Cui
505 2196 586 2292 quin
615 2220 821 2292 consequeus
849 2221 922 2266 esse
945 2197 1009 2268 de-

72 2334 207 2422 lzuerit,
247 2333 372 2432 ubique
412 2335 481 2405 fere
520 2359 582 2432 prn
629 2333 801 2404 communi
850 2334 923 2427 jure
957 2335 1009 2428 jus

72 2474 263 2544 Romanum
292 2472 456 2559 valuisse,
491 2472 654 2569 quamdiu
683 2469 725 2541 de
757 2471 916 2543 contraria
948 2496 1010 2566 pa-

73 2613 135 2683 tria
168 2613 244 2708 lege
269 2612 323 2685 vel
352 2608 591 2681 consuetudine
610 2635 677 2681 nou
701 2621 883 2708 constaret,
907 2636 1008 2682 nemo

75 2747 172 2820 facile
204 2745 304 2817 credo
338 2745 549 2820 dubitaverit.

121 2887 241 2985 Neque
288 2889 436 2984 protecto
462 2888 574 2959 minus
609 2899 736 2960 certum
764 2888 932 2988 estquod
964 2887 1008 2960 de

955 3028 1012 3123 iu-

112 3141 166 3212 (ι)
186 3138 227 3193 ct.
248 3154 372 3194 aeunrcr
394 3153 489 3195 ranan
515 3148 541 3192 et
562 3154 583 3194 a.
606 3152 633 3192 u.
653 3154 715 3194 vau
736 3153 793 3192 nra
815 3153 888 3190 anor·
908 3141 1008 3190 dira-er.

76 3236 195 3282 tationes
214 3235 245 3281 de
265 3250 313 3281 usu
325 3233 397 3299 juris
413 3234 532 3283 Romani
552 3241 578 3281 et
599 3232 729 3284 canonici
748 3232 778 3282 in
799 3229 959 3281 Hollaadin·

115 3323 169 3389 (α)
188 3320 225 3370 u't
253 3335 326 3369 vous
348 3324 384 3372 ad
398 3324 440 3371 tit.
460 3326 493 3375 P.
515 3322 547 3371 de
559 3323 672 3388 justitia
691 3329 719 3368 et
733 3322 804 3386 jure.
828 3330 889 3367 vau
910 3327 1007 3366 wusntr

79 3410 116 3458 ad
134 3411 336 3456 constitutiones
360 3407 456 3474 Ultroj.
475 3411 528 3458 Art
558 3423 596 3458 to.
616 3425 645 3474 p.
666 3405 706 3476 75,
741 3405 921 3456 Hellandsclre
943 3420 1010 3454 con-

78 3497 212 3553 entratten
237 3495 288 3550 Vol
318 3501 344 3547 Ι.
368 3498 442 3546 Cant.
465 3494 506 3545 45.
531 3493 560 3559 iu
580 3495 651 3543 nulla
682 3501 767 3544 autem
795 3493 901 3557 regione
927 3493 1007 3560 magia

78 3605 157 3657 quam
176 3587 203 3636 iu
227 3588 312 3637 Friria
334 3587 457 3635 intactam
477 3582 598 3633 mansisse
618 3584 683 3649 juris
705 3581 814 3632 Romani
829 3583 1006 3636 auctoritatam

78 3687 169 3731 notum
185 3676 232 3726 επις
267 3674 308 3726 Cf.
326 3683 454 3722 nonanus
468 3668 721 3736 inJuriaprudentia
740 3669 879 3722 Hodierna
893 3683 929 3725 tt·
949 3685 1007 3728 tu-
1027 3716 1030 3721 ‚
1119 3689 1120 3692 ¹
1191 3703 1196 3711 .

77 3777 213 3821 nuasrua
235 3775 385 3820 rraru‘rru
405 3771 644 3816 venustaretur
666 3761 695 3810 in
715 3759 804 3820 initio.

608 3847 690 3928 115
