2828 4964
229 340 305 424 '132
441 338 676 420 SPECIMEN
696 341 960 427 TURIDICUM

231 570 310 624 enm
332 541 444 634 dicet,
469 545 542 644 jora
569 544 711 648 quidem
737 551 888 649 quaesita
915 554 1182 634 nemini'invito

231 684 319 785 eripi
343 707 465 785 posse,
495 708 614 760 verum
642 683 727 759 nihil
756 712 849 779 esse,
875 690 970 790 quod
994 688 1179 794 impediat,

237 824 421 925 quominus
444 822 521 925 lege
549 821 720 898 :endan
748 850 931 925 pesseisae
959 834 1181 908 consuetudi-

233 989 298 1041 nes
318 989 386 1036 non
409 962 583 1063 potuerint
606 963 677 1062 (1).
726 964 860 1057 Quibus
876 967 1025 1069 deniqne
1052 972 1179 1047 aceedit

236 1101 370 1203 legibus
414 1101 481 1175 illis
520 1126 588 1174 non
635 1114 707 1174 tam
743 1103 931 1206 privilegiis
979 1110 1066 1208 ipsis
1106 1114 1177 1208 joie

236 1240 416 1343 quaesitis,
466 1264 571 1342 quam
613 1240 708 1342 vagis
744 1240 993 1348 indefinitisque
1038 1250 1181 1346 privile-

234 1383 371 1483 giomm
400 1378 668 1455 invocationibus
705 1381 891 1456 terminum
941 1409 1072 1486 ponere
1115 1415 1176 1464 vo-

235 1521 342 1599 luisse
367 1541 588 1599 ammaon
624 1514 698 1621 (π).

647 1794 762 1895 ae.

234 2080 298 2159 'De
327 2077 550 2151 nicotoritate
572 2076 846 2149 ordinationum
872 2079 1177 2176 Philippicarum

280 2220 321 2291 in
350 2219 501 2310 Belgio,
529 2215 703 2289 Civilibus
722 2215 867 2310 turbio,
902 2230 938 2287 et
966 2221 1121 2313 abjura.

330 2359 428 2431 tione
452 2358 545 2428 odeo
571 2378 749 2430 nn1n11’a1
773 2357 812 2427 in
834 2357 969 2452 Belgio
988 2363 1085 2433 Foe-

487 2498 620 2569 deroto
653 2517 726 2566 non
757 2495 917 2572 sublata.

285 2773 355 2849 Sed
386 2771 469 2848 haec
487 2773 626 2875 quidem
648 2774 727 2849 satis
748 2771 793 2847 de
821 2774 1037 2874 quaestione,
1063 2796 1181 2857 utrum

238 2910 283 2985 ab
304 2911 401 2985 initio
422 2912 496 2985 vim
525 2912 610 3007 juris
643 2913 758 3012 sc1ipti
793 2910 1018 2988 onlinationes
1043 2918 1180 3020 Philip-

236 3050 334 3152 picae
364 3074 432 3124 non
466 3061 595 3123 tantum
627 3049 669 3129 in,
693 3047 897 3149 Hispanico,
930 3079 1050 3129 verum
1077 3072 1111 3130 et
1144 3061 1180 3133 in

237 3190 358 3290 Belgio
385 3214 466 3261 mox
496 3186 665 3261 foederato
685 3187 881 3281 habuerint3
907 3189 1096 3270 videndum
1118 3223 1182 3270 sn-

103 3358 106 3362 *
235 3341 351 3430 penest
371 3326 415 3401 de
438 3328 645 3428 argumentis
667 3326 900 3429 illorum,qui
924 3328 1084 3434 deinceps
1105 3337 1183 3410 ilias

1122 3477 1177 3549 lo-

252 3724 256 3733 ,
278 3669 330 3738 (ι)
348 3664 390 3722 ct
410 3666 452 3727 ΕΙ.
474 3678 591 3719 vooaoa
613 3666 643 3718 in
664 3663 769 3720 lotrad.
790 3675 811 3721 t.
831 3667 851 3720 1.
867 3686 897 3738 p.
917 3687 944 3742 7.

273 3754 327 3823 (a)
345 3754 389 3809 Εἰ.
410 3757 554 3813 Ordinatio
578 3757 726 3837 Philippica
746 3760 832 3829 prima
854 3767 919 3815 Art.
937 3761 974 3832 59
